=LDR  07552cas a2201465 a 4500
=001  012433264
=003  Uk
=005  20220930142622.0
=006  m\\\\\o\\d\\\\\\\\
=007  cr\cn|||||||||
=008  040410c19659999xxuqr\pso\\\\\0\\\a0eng\\
=019  c\$a102080989
=019  0\$as685565009
=022  0\$a1557-9603$l0018-9251$y0018-9251$21
=040  \\$aUk$cUk$dUk
=082  04$a629.1$221
=130  0\$aIEEE transactions on aerospace and electronic systems (Online)
=210  0\$aIEEE trans. aerosp. electron. syst.$b(Online)
=222  \0$aIEEE transactions on aerospace and electronic systems$b(Online)
=245  10$aIEEE transactions on aerospace and electronic systems$h[electronic resource].
=246  30$aTransactions on aerospace and electronic systems
=246  30$aAerospace and electronic systems
=246  1\$iIssues from some providers have title:$aAerospace and electronic systems, IEEE transactions on
=260  \\$a[New York :$bInstitute of Electrical and Electronics Engineers]
=310  \\$aQuarterly
=336  \\$atext$2rdacontent
=337  \\$acomputer$2rdamedia
=338  \\$aonline resource$2rdacarrier
=362  1\$aPrint began with vol. AES-1, issue 1 (Aug. 1965).
=538  \\$aMode of access: World Wide Web.
=540  \\$aCurrent copyright fee: GBP27.50$c32\0$5Uk
=580  \\$aFormed by the union of: IEEE transactions on aerospace, IEEE transactions on space electronics and telemetry, IEEE transactions on aerospace and navigational electronics, and: IEEE transactions on military electronics.
=595  \\$aFORMERLY 4363.2236 4363.2065 AND 4363.1115 4363.1205 SEE ALSO SERIAL RECORDS KCS SE AND CAA.
=650  \0$aAstrionics$vPeriodicals.
=650  \0$aAvionics$vPeriodicals.
=650  \0$aAerospace telemetry$vPeriodicals.
=650  \0$aElectronics in military engineering$vPeriodicals.
=710  2\$aIEEE Aerospace and Electronic Systems Society.
=776  08$iPrint version:$tIEEE transactions on aerospace and electronic systems$x0018-9251
=852  \\$aBritish Library$bSTI
=852  41$aBritish Library$bDSC$j4363.116100$3Volume 1:Issue 1(1965)-***See ESTAR for full holdings.
=856  \\$31850-9999$uhttp://ieeexplore.ieee.org/Xplore/home.jsp$xBLDSS
=945  \\$aIEEE TRANSACTIONS ON AEROSPACE AND ELECTRONIC SYSTEMS.
=959  \\$fCurrently received
=963  \\$aCA/U-2 AES 1, 1965- *A=1$bN
=964  \\$aVOL. AES-1, 1965- *A=1$c621.37/.39$dQ$eTN75972
=A02  \\$a102080989
=ACF  \\$aPrevious copyright fee: GBP16.25$c32\0$e01-jul-2011$fGBP16.25$g0$hP$5Uk
=ACF  \\$aPrevious copyright fee: GBP16.77$c32\0$e01-jul-2010$fGBP16.77$g0$hP$5Uk
=ACF  \\$aPrevious copyright fee: GBP15.76$c32\0$e01-apr-2010$fGBP15.76$g0$hP$5Uk
=ACF  \\$aPrevious copyright fee: GBP12.12$c32\0$e01-oct-2009$fGBP12.12$g0$hP$5Uk
=ACF  \\$aPrevious copyright fee: GBP14.29$c32\0$e01-apr-2009$fGBP14.29$g0$hP$5Uk
=ACF  \\$aPrevious copyright fee: GBP12.50$c32\0$e01-jan-2009$fGBP12.50$g0$hP$5Uk
=ACF  \\$aPrevious copyright fee: GBP10.00$c32\0$e01-jul-2007$fGBP10.00$g0$hP$5Uk
=ACF  \\$aPrevious copyright fee: GBP10.26$c32\0$e01-apr-2007$fGBP10.26$g0$hP$5Uk
=ACF  \\$aPrevious copyright fee: GBP10.81$c32\0$e01-oct-2006$fGBP10.81$g0$hP$5Uk
=ACF  \\$aPrevious copyright fee: GBP11.43$c32\0$e01-apr-2006$fGBP11.43$g0$hP$5Uk
=ACF  \\$aPrevious copyright fee: GBP11.11$c32\0$e01-jan-2006$fGBP11.11$g0$hP$5Uk
=ACF  \\$aPrevious copyright fee: GBP10.81$c32\0$e01-apr-2005$fGBP10.81$g0$hP$5Uk
=ACF  \\$aPrevious copyright fee: GBP11.11$c32\0$e01-jan-2005$fGBP11.11$g0$hP$5Uk
=ACF  \\$aPrevious copyright fee: GBP11.77$c32\0$e01-jan-2004$fGBP11.77$g0$hP$5Uk
=ACF  \\$aCurrent copyright fee: GBP10.63$c32\0$e01-jan-2003$fGBP10.63$g0$hP$5Uk
=ACF  \\$aCurrent copyright fee: GBP10.97$c0$e01-oct-2002$fGBP10.97$g0$hC$5Uk
=ACF  \\$aPrevious copyright fee: GBP20.00$c32\0$e01-jan-2012$fGBP20.00$g0$hP$5Uk
=ACF  \\$aPrevious copyright fee: GBP18.79$c32\0$e01-jul-2012$fGBP18.79$g0$hP$5Uk
=ACF  \\$aPrevious copyright fee: GBP19.38$c32\0$e01-jan-2013$fGBP19.38$g0$hP$5Uk
=ACF  \\$aPrevious copyright fee: GBP20.00$c32\0$e01-jul-2013$fGBP20.00$g0$hP$5Uk
=ACF  \\$aPrevious copyright fee: GBP19.38$c32\0$e01-jan-2014$fGBP19.38$g0$hP$5Uk
=ACF  \\$aPrevious copyright fee: GBP18.79$c32\0$e01-jul-2014$fGBP18.79$g0$hP$5Uk
=ACF  \\$aPrevious copyright fee: GBP20.00$c32\0$e01-apr-2015$fGBP20.00$g0$hP$5Uk
=ACF  \\$aPrevious copyright fee: GBP20.67$c32\0$e01-jul-2015$fGBP20.67$g0$hP$5Uk
=ACF  \\$aPrevious copyright fee: GBP20.00$c32\0$e01-oct-2015$fGBP20.00$g0$hP$5Uk
=ACF  \\$aPrevious copyright fee: GBP21.38$c32\0$e01-apr-2016$fGBP21.38$g0$hP$5Uk
=ACF  \\$aPrevious copyright fee: GBP22.96$c32\0$e01-oct-2016$fGBP22.96$g0$hP$5Uk
=ACF  \\$aPrevious copyright fee: GBP24.44$c32\0$e01-jan-2017$fGBP24.44$g0$hP$5Uk
=ACF  \\$aPrevious copyright fee: GBP26.40$c32\0$e01-apr-2017$fGBP26.40$g0$hP$5Uk
=ACF  \\$aPrevious copyright fee: GBP25.38$c32\0$e01-oct-2017$fGBP25.38$g0$hP$5Uk
=ACF  \\$aPrevious copyright fee: GBP23.57$c32\0$e01-apr-2018$fGBP23.57$g0$hP$5Uk
=ACF  \\$aPrevious copyright fee: GBP25.38$c32\0$e01-oct-2018$fGBP25.38$g0$hP$5Uk
=ACF  \\$aPrevious copyright fee: GBP26.40$c32\0$e01-oct-2019$fGBP26.40$g0$hP$5Uk
=ACF  \\$aPrevious copyright fee: GBP25.38$c32\0$e01-apr-2020$fGBP25.38$g0$hP$5Uk
=ACF  \\$aPrevious copyright fee: GBP26.40$c32\0$e01-jul-2020$fGBP26.40$g0$hP$5Uk
=ACF  \\$aPrevious copyright fee: GBP24.44$c32\0$e01-apr-2021$fGBP24.44$g0$hP$5Uk
=ACF  \\$aPrevious copyright fee: GBP23.57$c32\0$e07-jul-2021$fGBP23.57$g0$hP$5Uk
=CAT  \\$aCONV$b00$c20040425$lBLL90$h0713
=CAT  \\$aIPL-CLA$c20160930$lBLL01$h1559
=CAT  \\$aBATCH-UPD$b00$c20161122$lBLL01$h1533
=CAT  \\$aIPL-CLA$c20161230$lBLL01$h2113
=CAT  \\$aBATCH-UPD$b00$c20170221$lBLL01$h1734
=CAT  \\$aIPL-CLA$c20170331$lBLL01$h1841
=CAT  \\$aBATCH-UPD$b00$c20170904$lBLL01$h1935
=CAT  \\$aIPL-CLA$c20170929$lBLL01$h1725
=CAT  \\$aBATCH-UPD$b00$c20180223$lBLL01$h1810
=CAT  \\$aIPL-CLA$c20180331$lBLL01$h1615
=CAT  \\$aBATCH-UPD$b00$c20180823$lBLL01$h1950
=CAT  \\$aIPL-CLA$c20180930$lBLL01$h1500
=CAT  \\$aBATCH-UPD$b00$c20190829$lBLL01$h1550
=CAT  \\$aIPL-CLA$c20190930$lBLL01$h1635
=CAT  \\$aBATCH-UPD$b00$c20200219$lBLL01$h1531
=CAT  \\$aIPL-CLA$c20200331$lBLL01$h1612
=CAT  \\$aBATCH-UPD$b00$c20200522$lBLL01$h1515
=CAT  \\$aIPL-CLA$c20200701$lBLL01$h0053
=CAT  \\$aBATCH-UPD$b00$c20210226$lBLL01$h1058
=CAT  \\$aIPL-CLA$c20210331$lBLL01$h1659
=CAT  \\$aBATCH-UPD$b00$c20210707$lBLL01$h1621
=CAT  \\$aIPL-CLA$c20210707$lBLL01$h1843
=CAT  \\$aBATCH-UPD$b00$c20220520$lBLL01$h1702
=CAT  \\$aIPL-CLA$c20220630$lBLL01$h1537
=CAT  \\$aBATCH-UPD$b00$c20220824$lBLL01$h0925
=CAT  \\$aIPL-CLA$c20220930$lBLL01$h1426
=CFI  0\$aCurrent copyright fee: GBP27.50$c32\0$e01-oct-2022$fGBP27.50$g0$hP$5Uk
=CFI  2\$aPrevious copyright fee: GBP26.40$c32\0$e01-jul-2022$fGBP26.40$g0$hP$5Uk
=EST  \\$a1
=FFP  \\$aY$bBLDSS-3PM
=FIN  \\$aY
=FMT  \\$a  SE
=LAS  \\$aIPL-CLA$b00$c20220930$lBLL01$h1426
=LEO  \\$aMP10.0000630534
=LEO  \\$aMP25.0000363337
=MNI  \\$a0018-9251
=SRC  \\$aSRI01$bbibmp25.200404.2.aa
=SRC  \\$aDSS01$bbibmp10.200404.2.aa
=TCO  \\$aTRS$bCCC$c008
=TOC  \\$aETOC
=UNO  \\$aY

