=LDR  04046caa a22009017i 4500
=001  016293812
=003  Uk
=005  20221231145144.0
=006  m\\\\||\\d\|\\\\\\
=007  cr\|||||||||||
=008  130305s2013\\\\gw\\\\\\o\\\\|1|0\0|eng\\
=040  \\$aUk$beng$cUk$erda
=245  00$aSymposium on PGIMER management protocols on oncological emergencies.
=264  \1$a[Germany] :$bSpringer,$c[2013]
=300  \\$a1 online resource (pages 50 -59)
=336  \\$atext$2rdacontent
=337  \\$acomputer$2rdamedia
=338  \\$aonline resource$2rdacarrier
=490  0\$aIndian journal of pediatrics,$x0019-5456 ,$vvol 80 no 1 2013
=540  \\$aCurrent copyright fee: GBP34.95$c22\1$5Uk
=591  \\$aSelected papers.
=595  \\$aESTAR title.
=653  1\$aPGIMER protocols
=653  1\$aMedical education
=653  1\$aOncological emergencies
=710  2\$aPostgraduate Institute of Medical Education and Research (Chandīgarh, India)
=773  0\$tIndian journal of pediatrics$gv. 80, no. 1 (2013)
=852  41$aBritish Library$bDSC$j4418.000000
=852  \\$aBritish Library$bDSC
=852  41$aBritish Library$bHMNTS$jELD Digital store
=856  \\$31850-9999$uhttp://www.springer.com/gb/$xBLDSS
=945  \\$aIndian journal of pediatrics, ISSN 0019-5456 ; vol 80 no 1 2013
=ACF  \\$aPrevious copyright fee: GBP25.00$c22\3$e01-jan-2013$fGBP25.00$g0$hP$5Uk
=ACF  \\$aPrevious copyright fee: GBP24.97$c22\3$e01-jan-2014$fGBP24.97$g0$hP$5Uk
=ACF  \\$aPrevious copyright fee: GBP24.21$c22\3$e01-jul-2014$fGBP24.21$g0$hP$5Uk
=ACF  \\$aPrevious copyright fee: GBP25.77$c22\3$e01-apr-2015$fGBP25.77$g0$hP$5Uk
=ACF  \\$aPrevious copyright fee: GBP25.77$c22\3$e01-oct-2015$fGBP25.77$g0$hP$5Uk
=ACF  \\$aPrevious copyright fee: GBP27.55$c22\3$e01-apr-2016$fGBP27.55$g0$hP$5Uk
=ACF  \\$aPrevious copyright fee: GBP29.59$c22\3$e01-oct-2016$fGBP29.59$g0$hP$5Uk
=ACF  \\$aPrevious copyright fee: GBP31.96$c22\3$e01-apr-2017$fGBP31.96$g0$hP$5Uk
=ACF  \\$aPrevious copyright fee: GBP30.73$c22\3$e01-oct-2017$fGBP30.73$g0$hP$5Uk
=CAT  \\$a6162$b40$c20130305$lBLL01$h1223
=CAT  \\$aIPL-CLA$c20150930$lBLL01$h1847
=CAT  \\$aBATCH-UPD$b00$c20160217$lBLL01$h1730
=CAT  \\$aBATCH-UPD$b00$c20160221$lBLL01$h2215
=CAT  \\$aBATCH-CLA$b00$c20160222$lBLL01$h0118
=CAT  \\$aIPL-CLA$c20160331$lBLL01$h1811
=CAT  \\$aBATCH-UPD$b00$c20160524$lBLL01$h2215
=CAT  \\$aBATCH-UPD$b00$c20160525$lBLL01$h0027
=CAT  \\$aW1607-1323$c20160726$lBLL01$h1340
=CAT  \\$aW1607-1323$c20160810$lBLL01$h1440
=CAT  \\$aBATCH-UPD$b00$c20160824$lBLL01$h1757
=CAT  \\$aIPL-CLA$c20160930$lBLL01$h1638
=CAT  \\$aBATCH-UPD$b00$c20170216$lBLL01$h1845
=CAT  \\$aIPL-CLA$c20170331$lBLL01$h1916
=CAT  \\$aBATCH-UPD$b00$c20170904$lBLL01$h1854
=CAT  \\$aIPL-CLA$c20170929$lBLL01$h1801
=CAT  \\$aBATCH-UPD$b00$c20180223$lBLL01$h1727
=CAT  \\$aIPL-CLA$c20180331$lBLL01$h1704
=CAT  \\$aBATCH-UPD$b00$c20180524$lBLL01$h1715
=CAT  \\$aIPL-CLA$c20180630$lBLL01$h1937
=CAT  \\$aBATCH-CLA$b00$c20210814$lBLL01$h0105
=CAT  \\$aIPL-CLA$c20210930$lBLL01$h1528
=CAT  \\$aBATCH-UPD$b00$c20221121$lBLL01$h1412
=CAT  \\$aBATCH-CLA$b00$c20221122$lBLL01$h0145
=CAT  \\$aBATCH-CLA$b00$c20221122$lBLL01$h0243
=CAT  \\$aIPL-CLA$c20221231$lBLL01$h1451
=CFI  0\$aCurrent copyright fee: GBP34.95$c22\1$e01-jan-2023$fGBP34.95$g0$hP$5Uk
=CFI  2\$aPrevious copyright fee: GBP43.00$c22\1$e01-oct-2021$fGBP43.00$g0$hP$5Uk
=CNF  \\$aPostgraduate Institute of Medical Education & Research management protocols on oncological emergencies (Symposium)$d(2012)
=EST  \\$a1
=FFP  \\$aY$bBLDSS-3PM
=FIN  \\$aY$d20130305
=FMT  \\$a  BK
=LAS  \\$aIPL-CLA$b00$c20221231$lBLL01$h1451
=LKR  \\$aANA$b013737676$lBLL01$nIndian journal of pediatrics$mSSymposium on PGIMER management protocols on oncological emergencies$r773$y2013$v80$i1
=TCO  \\$aXXX$c008
=UNO  \\$aY

