=LDR  03851caa a22008897i 4500
=001  016471257
=003  Uk
=005  20221231145204.0
=006  m\\\\||\\d\|\\\\\\
=007  cr\|||||||||||
=008  130812s2013\\\\gw\\\\\\o\\\\|1|0\0|eng\\
=040  \\$aUk$beng$cUk$erda
=245  00$aEngineering ethics :$blooking back, looking forward.
=264  \1$aHeidelberg :$bSpringer-Verlag GmbH Heidelberg,$c2013.
=300  \\$a1 online resource (pages 1395-1404)
=336  \\$atext$2rdacontent
=337  \\$acomputer$2rdamedia
=338  \\$aonline resource$2rdacarrier
=490  0\$aScience and engineering ethics,$x1353-3452 ,$vvol 19 issue 3 2013
=540  \\$aCurrent copyright fee: GBP29.95$c22\1$5Uk
=591  \\$aAbstracts and report.
=595  \\$aESTAR title.
=653  1\$aEngineering ethics
=653  1\$aProfessional ethics
=653  1\$aEthics
=653  1\$aAPPE
=710  2\$aAssociation for Practical and Professional Ethics.
=773  0\$tScience and engineering ethics$gv. 19, issue 3 (September 2013)
=852  41$aBritish Library$bDSC$j8133.023800
=852  \\$aBritish Library$bDSC
=856  \\$31850-9999$uhttp://www.springer.com/gb/$xBLDSS
=945  \\$aScience and engineering ethics, ISSN 1353-3452 ; vol 19 issue 3 2013
=ACF  \\$aPrevious copyright fee: GBP24.97$c13\1$e01-jan-2014$fGBP24.97$g0$hP$5Uk
=ACF  \\$aPrevious copyright fee: GBP24.21$c13\1$e01-jul-2014$fGBP24.21$g0$hP$5Uk
=ACF  \\$aPrevious copyright fee: GBP25.77$c13\1$e01-apr-2015$fGBP25.77$g0$hP$5Uk
=ACF  \\$aPrevious copyright fee: GBP26.63$c13\1$e01-jul-2015$fGBP26.63$g0$hP$5Uk
=ACF  \\$aPrevious copyright fee: GBP27.55$c13\1$e01-apr-2016$fGBP27.55$g0$hP$5Uk
=ACF  \\$aPrevious copyright fee: GBP29.59$c13\1$e01-oct-2016$fGBP29.59$g0$hP$5Uk
=ACF  \\$aPrevious copyright fee: GBP31.96$c13\1$e01-apr-2017$fGBP31.96$g0$hP$5Uk
=ACF  \\$aPrevious copyright fee: GBP30.73$c13\1$e01-oct-2017$fGBP30.73$g0$hP$5Uk
=CAT  \\$a10934$b40$c20130812$lBLL01$h1607
=CAT  \\$aIPL-CLA$c20150630$lBLL01$h1720
=CAT  \\$aBATCH-UPD$b00$c20150820$lBLL01$h1753
=CAT  \\$aIPL-CLA$c20150930$lBLL01$h1849
=CAT  \\$aBATCH-UPD$b00$c20160217$lBLL01$h1640
=CAT  \\$aIPL-CLA$c20160331$lBLL01$h1813
=CAT  \\$aBATCH-UPD$b00$c20160524$lBLL01$h2159
=CAT  \\$aBATCH-UPD$b00$c20160524$lBLL01$h2251
=CAT  \\$aW1607-1323$c20160726$lBLL01$h1340
=CAT  \\$aBATCH-CLA$b00$c20160727$lBLL01$h0131
=CAT  \\$aW1607-1323$c20160810$lBLL01$h1440
=CAT  \\$aBATCH-CLA$b00$c20160811$lBLL01$h0136
=CAT  \\$aBATCH-UPD$b00$c20160824$lBLL01$h1717
=CAT  \\$aIPL-CLA$c20160930$lBLL01$h1639
=CAT  \\$aBATCH-UPD$b00$c20170216$lBLL01$h1804
=CAT  \\$aIPL-CLA$c20170331$lBLL01$h1917
=CAT  \\$aBATCH-UPD$b00$c20170904$lBLL01$h1806
=CAT  \\$aIPL-CLA$c20170929$lBLL01$h1802
=CAT  \\$aBATCH-UPD$b00$c20180223$lBLL01$h1622
=CAT  \\$aIPL-CLA$c20180331$lBLL01$h1706
=CAT  \\$aBATCH-UPD$b00$c20180524$lBLL01$h1654
=CAT  \\$aIPL-CLA$c20180630$lBLL01$h1938
=CAT  \\$aBATCH-UPD$b00$c20221121$lBLL01$h1406
=CAT  \\$aBATCH-CLA$b00$c20221122$lBLL01$h0148
=CAT  \\$aBATCH-CLA$b00$c20221122$lBLL01$h0243
=CAT  \\$aIPL-CLA$c20221231$lBLL01$h1452
=CFI  0\$aCurrent copyright fee: GBP29.95$c22\1$e01-jan-2023$fGBP29.95$g0$hP$5Uk
=CFI  2\$aPrevious copyright fee: GBP34.00$c22\1$e01-jul-2018$fGBP34.00$g0$hP$5Uk
=CNF  \\$aAssociation for Practical and Professional Ethics (Annual meeting)$d(2011 Mar :$cCincinatti, OH)
=EST  \\$a1
=FFP  \\$aY$bBLDSS-3PM
=FIN  \\$aY$d20130812
=FMT  \\$a  BK
=LAS  \\$aIPL-CLA$b00$c20221231$lBLL01$h1452
=LKR  \\$aANA$b013685884$lBLL01$nScience and engineering ethics$mEngineering ethics$r773$y2013$v19$i3
=TCO  \\$aCLA$bCLA$c008
=UNO  \\$aY

