=LDR  03769caa a22008417i 4500
=001  016481701
=003  Uk
=005  20221231145205.0
=006  m\\\\||\\d\|\\\\\\
=007  cr\|||||||||||
=008  130827s2013\\\\gw\\\\\\o\\\\|1|0\0|eng\\
=040  \\$aUk$beng$cUk$erda
=245  00$aXXXVIII Sir Peter Freyer memorial lecture and surgical symposium 2013 :$bArts Millennium Building, National University of Ireland, Galway, 6th & 7th September, 2013.
=264  \1$aHeidelberg :$bSpringer-Verlag GmbH,$c2013.
=300  \\$a1 online resource (pages 297-357)
=336  \\$atext$2rdacontent
=337  \\$acomputer$2rdamedia
=338  \\$aonline resource$2rdacarrier
=490  0\$aIrish journal of medical science,$x0021-1265 ,$vvol 182 issue 7 suppl 7 2013
=540  \\$aCurrent copyright fee: GBP34.95$c22\1$5Uk
=591  \\$aPreprinted abstracts and programme.
=595  \\$aESTAR title.
=653  1\$aSurgical
=653  1\$aFreyer
=773  0\$tIrish journal of medical science$gv. 182, issue 7, supl. 7 (September 2013)
=852  41$aBritish Library$bHMNTS$jELD Digital store
=852  41$aBritish Library$bDSC$j4572.000000
=852  \\$aBritish Library$bDSC
=856  \\$31850-9999$uhttp://www.springer.com/gb/$xBLDSS
=945  \\$aIrish journal of medical science, ISSN 0021-1265 ; vol 182 issue 7 suppl 7 2013
=ACF  \\$aPrevious copyright fee: GBP24.21$c22\7$e01-jul-2014$fGBP24.21$g0$hP$5Uk
=ACF  \\$aPrevious copyright fee: GBP25.77$c22\7$e01-apr-2015$fGBP25.77$g0$hP$5Uk
=ACF  \\$aPrevious copyright fee: GBP27.55$c22\7$e01-apr-2016$fGBP27.55$g0$hP$5Uk
=ACF  \\$aPrevious copyright fee: GBP29.59$c22\7$e01-oct-2016$fGBP29.59$g0$hP$5Uk
=ACF  \\$aPrevious copyright fee: GBP31.96$c22\7$e01-apr-2017$fGBP31.96$g0$hP$5Uk
=ACF  \\$aPrevious copyright fee: GBP30.73$c22\7$e01-oct-2017$fGBP30.73$g0$hP$5Uk
=CAT  \\$a10934$b40$c20130827$lBLL01$h1156
=CAT  \\$aBATCH-UPD$b00$c20160217$lBLL01$h1735
=CAT  \\$aBATCH-CLA$b00$c20160218$lBLL01$h0324
=CAT  \\$aIPL-CLA$c20160331$lBLL01$h1813
=CAT  \\$aBATCH-UPD$b00$c20160519$lBLL01$h0958
=CAT  \\$aBATCH-CLA$b00$c20160520$lBLL01$h0117
=CAT  \\$aBATCH-UPD$b00$c20160524$lBLL01$h2215
=CAT  \\$aBATCH-CLA$b00$c20160525$lBLL01$h0253
=CAT  \\$aW1607-1323$c20160726$lBLL01$h1340
=CAT  \\$aW1607-1323$c20160810$lBLL01$h1440
=CAT  \\$aBATCH-UPD$b00$c20160824$lBLL01$h1802
=CAT  \\$aIPL-CLA$c20160930$lBLL01$h1639
=CAT  \\$aBATCH-UPD$b00$c20170216$lBLL01$h1850
=CAT  \\$aIPL-CLA$c20170331$lBLL01$h1917
=CAT  \\$aBATCH-UPD$b00$c20170904$lBLL01$h1900
=CAT  \\$aIPL-CLA$c20170929$lBLL01$h1802
=CAT  \\$aBATCH-UPD$b00$c20180223$lBLL01$h1733
=CAT  \\$aIPL-CLA$c20180331$lBLL01$h1706
=CAT  \\$aBATCH-UPD$b00$c20180524$lBLL01$h1720
=CAT  \\$aIPL-CLA$c20180630$lBLL01$h1938
=CAT  \\$aBATCH-CLA$b00$c20210814$lBLL01$h0105
=CAT  \\$aIPL-CLA$c20210930$lBLL01$h1529
=CAT  \\$aBATCH-UPD$b00$c20221121$lBLL01$h1412
=CAT  \\$aBATCH-CLA$b00$c20221122$lBLL01$h0200
=CAT  \\$aBATCH-CLA$b00$c20221122$lBLL01$h0243
=CAT  \\$aIPL-CLA$c20221231$lBLL01$h1452
=CFI  0\$aCurrent copyright fee: GBP34.95$c22\1$e01-jan-2023$fGBP34.95$g0$hP$5Uk
=CFI  2\$aPrevious copyright fee: GBP43.00$c22\1$e01-oct-2021$fGBP43.00$g0$hP$5Uk
=CNF  \\$aSir Peter Freyer meeting$n(38th :$d2013 Sep :$cGalway)
=EST  \\$a1
=FFP  \\$aY$bBLDSS-3PM
=FIN  \\$aY$d20130827
=FMT  \\$a  BK
=LAS  \\$aIPL-CLA$b00$c20221231$lBLL01$h1452
=LKR  \\$aANA$b013698069$lBLL01$nIrish journal of medical science$mXXXVIII Sir Peter Freyer memorial lecture and surgical symposium 2013$r773$y2013$v182$i7$p7
=TCO  \\$aIRL$bICLA$c008
=UNO  \\$aY

