=LDR  04069caa a22008897i 4500
=001  016491810
=003  Uk
=005  20221231145206.0
=006  m\\\\||\\d\|\\\\\\
=007  cr\|||||||||||
=008  130906s2013\\\\gw\\\\\\o\\\\|1|0\0|eng\\
=040  \\$aUk$beng$cUk$erda
=245  00$aHighlights of the 25th anniversary EANM congress Milan 2012 :$bnuclear medicine and molecular imaging at its best.
=264  \1$aHeidelberg :$bSpringer,$c[2013]
=300  \\$a1 online resource (pages 1438-1461)
=336  \\$atext$2rdacontent
=337  \\$acomputer$2rdamedia
=338  \\$aonline resource$2rdacarrier
=490  0\$aEuropean journal of nuclear medicine and molecular imaging,$x1619-7070 ,$vvol 40 iss 9 2013
=540  \\$aCurrent copyright fee: GBP34.95$c22\1$5Uk
=591  \\$aReport and abstracts.
=595  \\$aESTAR title.
=653  1\$aNuclear medicine
=653  2\$aEANM
=653  1\$aMolecular imaging
=710  2\$aEuropean Association of Nuclear Medicine.
=773  0\$av. 40, issue 9 (September 2013)$tEuropean journal of nuclear medicine and molecular imaging
=852  41$aBritish Library$bDSC$j3829.731850
=852  \\$aBritish Library$bDSC
=852  41$aBritish Library$bHMNTS$jELD Digital store
=856  \\$31850-9999$uhttp://www.springer.com/gb/$xBLDSS
=945  \\$aEuropean journal of nuclear medicine and molecular imaging, ISSN 1619-7070 ; vol 40 iss 9 2013
=ACF  \\$aPrevious copyright fee: GBP24.97$c22\3$e01-jan-2014$fGBP24.97$g0$hP$5Uk
=ACF  \\$aPrevious copyright fee: GBP24.21$c22\3$e01-jul-2014$fGBP24.21$g0$hP$5Uk
=ACF  \\$aPrevious copyright fee: GBP25.77$c22\3$e01-apr-2015$fGBP25.77$g0$hP$5Uk
=ACF  \\$aPrevious copyright fee: GBP26.63$c22\3$e01-jul-2015$fGBP26.63$g0$hP$5Uk
=ACF  \\$aPrevious copyright fee: GBP27.55$c22\3$e01-apr-2016$fGBP27.55$g0$hP$5Uk
=ACF  \\$aPrevious copyright fee: GBP29.59$c22\3$e01-oct-2016$fGBP29.59$g0$hP$5Uk
=ACF  \\$aPrevious copyright fee: GBP31.96$c22\3$e01-apr-2017$fGBP31.96$g0$hP$5Uk
=ACF  \\$aPrevious copyright fee: GBP30.73$c22\3$e01-oct-2017$fGBP30.73$g0$hP$5Uk
=CAT  \\$a6162$b40$c20130906$lBLL01$h1418
=CAT  \\$aBATCH-UPD$b00$c20160217$lBLL01$h1730
=CAT  \\$aIPL-CLA$c20160331$lBLL01$h1813
=CAT  \\$aBATCH-UPD$b00$c20160518$lBLL01$h1132
=CAT  \\$aBATCH-CLA$b00$c20160519$lBLL01$h0110
=CAT  \\$aBATCH-UPD$b00$c20160524$lBLL01$h2215
=CAT  \\$aW1607-1323$c20160726$lBLL01$h1340
=CAT  \\$aBATCH-CLA$b00$c20160727$lBLL01$h0131
=CAT  \\$aW1607-1323$c20160810$lBLL01$h1440
=CAT  \\$aBATCH-CLA$b00$c20160811$lBLL01$h0136
=CAT  \\$aBATCH-UPD$b00$c20160824$lBLL01$h1757
=CAT  \\$aIPL-CLA$c20160930$lBLL01$h1639
=CAT  \\$aBATCH-UPD$b00$c20170216$lBLL01$h1845
=CAT  \\$aIPL-CLA$c20170331$lBLL01$h1917
=CAT  \\$aBATCH-UPD$b00$c20170904$lBLL01$h1854
=CAT  \\$aIPL-CLA$c20170929$lBLL01$h1803
=CAT  \\$aBATCH-UPD$b00$c20180223$lBLL01$h1727
=CAT  \\$aIPL-CLA$c20180331$lBLL01$h1706
=CAT  \\$aBATCH-UPD$b00$c20180524$lBLL01$h1715
=CAT  \\$aIPL-CLA$c20180630$lBLL01$h1938
=CAT  \\$aBATCH-CLA$b00$c20210812$lBLL01$h0107
=CAT  \\$aIPL-CLA$c20210930$lBLL01$h1529
=CAT  \\$aBATCH-UPD$b00$c20221121$lBLL01$h1412
=CAT  \\$aBATCH-CLA$b00$c20221122$lBLL01$h0143
=CAT  \\$aBATCH-CLA$b00$c20221122$lBLL01$h0243
=CAT  \\$aIPL-CLA$c20221231$lBLL01$h1452
=CFI  0\$aCurrent copyright fee: GBP34.95$c22\1$e01-jan-2023$fGBP34.95$g0$hP$5Uk
=CFI  2\$aPrevious copyright fee: GBP43.00$c22\1$e01-oct-2021$fGBP43.00$g0$hP$5Uk
=CNF  \\$aEuropean Association of Nuclear Medicine (Annual congress)$n(25th :$d2012 Oct :$cMilan, Italy)
=EST  \\$a1
=FFP  \\$aY$bBLDSS-3PM
=FIN  \\$aY$d20130906
=FMT  \\$a  BK
=LAS  \\$aIPL-CLA$b00$c20221231$lBLL01$h1452
=LKR  \\$aANA$b013089518$lBLL01$nEuropean journal of nuclear medicine and molecular imaging$mHighlights of the 25th anniversary EANM congress Milan 2012$r773$y2013$v40$i9
=TCO  \\$aDEU$bVG WORT$c008
=UNO  \\$aY

