=LDR  04310caa a22009137i 4500
=001  016531449
=003  Uk
=005  20221231145210.0
=006  m\\\\||\\d\|\\\\\\
=007  cr\|||||||||||
=008  131031s2013\\\\ne\\\\\\o\\\\|1|0\0|eng\\
=040  \\$aUk$beng$cUk$erda
=245  00$aProceedings of the XXXIInd seminar of the French-Speaking Society for Theoretical Biology; Saint-Flour (Cantal), France, 10-13 June, 2012 /$ceditors: Nicolas Glade and Angélique Stéphanou.
=264  \1$aNetherlands :$bSpringer,$c[2013]
=300  \\$a1 online resource (pages 289-447)
=336  \\$atext$2rdacontent
=337  \\$acomputer$2rdamedia
=338  \\$aonline resource$2rdacarrier
=490  0\$aActa biotheoretica,$x0001-5342 ,$vvol 61 no 3 2013
=540  \\$aCurrent copyright fee: GBP29.95$c22\1$5Uk
=591  \\$aPapers.
=595  \\$aESTAR title.
=653  1\$aTheoretical biology
=700  1\$aGlade, Nicolas,$eeditor of compilation.
=700  1\$aStéphanou, Angélique,$eeditor of compilation.
=710  2\$aFrench-Speaking Society for Theoretical Biology.
=773  0\$tActa biotheoretica$gv. 61, no. 3 (September 2013)
=852  41$aBritish Library$bDSC$j0604.000000
=852  \\$aBritish Library$bDSC
=852  41$aBritish Library$bHMNTS$jELD Digital store
=856  \\$31850-9999$uhttp://www.springer.com/gb/$xBLDSS
=945  \\$aActa biotheoretica, ISSN 0001-5342 ; vol 61 no 3 2013
=ACF  \\$aPrevious copyright fee: GBP25.77$c13\1$e01-jul-2013$fGBP25.77$g0$hP$5Uk
=ACF  \\$aPrevious copyright fee: GBP24.97$c13\1$e01-jan-2014$fGBP24.97$g0$hP$5Uk
=ACF  \\$aPrevious copyright fee: GBP24.21$c13\1$e01-jul-2014$fGBP24.21$g0$hP$5Uk
=ACF  \\$aPrevious copyright fee: GBP25.77$c13\1$e01-apr-2015$fGBP25.77$g0$hP$5Uk
=ACF  \\$aPrevious copyright fee: GBP26.63$c13\1$e01-jul-2015$fGBP26.63$g0$hP$5Uk
=ACF  \\$aPrevious copyright fee: GBP25.77$c13\1$e01-oct-2015$fGBP25.77$g0$hP$5Uk
=ACF  \\$aPrevious copyright fee: GBP27.55$c13\1$e01-apr-2016$fGBP27.55$g0$hP$5Uk
=ACF  \\$aPrevious copyright fee: GBP29.59$c13\1$e01-oct-2016$fGBP29.59$g0$hP$5Uk
=ACF  \\$aPrevious copyright fee: GBP31.96$c13\1$e01-apr-2017$fGBP31.96$g0$hP$5Uk
=ACF  \\$aPrevious copyright fee: GBP30.73$c13\1$e01-oct-2017$fGBP30.73$g0$hP$5Uk
=CAT  \\$a8342$b40$c20131031$lBLL01$h0956
=CAT  \\$aIPL-CLA$c20150331$lBLL01$h1725
=CAT  \\$aBATCH-UPD$b00$c20150520$lBLL01$h1703
=CAT  \\$aIPL-CLA$c20150630$lBLL01$h1721
=CAT  \\$aBATCH-UPD$b00$c20150820$lBLL01$h1753
=CAT  \\$aIPL-CLA$c20150930$lBLL01$h1849
=CAT  \\$aBATCH-UPD$b00$c20160217$lBLL01$h1640
=CAT  \\$aIPL-CLA$c20160331$lBLL01$h1813
=CAT  \\$aBATCH-UPD$b00$c20160524$lBLL01$h2159
=CAT  \\$aBATCH-UPD$b00$c20160524$lBLL01$h2243
=CAT  \\$aW1607-1323$c20160726$lBLL01$h1340
=CAT  \\$aW1607-1323$c20160810$lBLL01$h1440
=CAT  \\$aBATCH-UPD$b00$c20160824$lBLL01$h1717
=CAT  \\$aIPL-CLA$c20160930$lBLL01$h1640
=CAT  \\$aBATCH-UPD$b00$c20170216$lBLL01$h1804
=CAT  \\$aIPL-CLA$c20170331$lBLL01$h1918
=CAT  \\$aBATCH-UPD$b00$c20170904$lBLL01$h1806
=CAT  \\$aIPL-CLA$c20170929$lBLL01$h1803
=CAT  \\$aBATCH-UPD$b00$c20180223$lBLL01$h1622
=CAT  \\$aIPL-CLA$c20180331$lBLL01$h1706
=CAT  \\$aBATCH-UPD$b00$c20180524$lBLL01$h1654
=CAT  \\$aIPL-CLA$c20180630$lBLL01$h1939
=CAT  \\$aBATCH-UPD$b00$c20221121$lBLL01$h1406
=CAT  \\$aBATCH-CLA$b00$c20221122$lBLL01$h0149
=CAT  \\$aBATCH-CLA$b00$c20221122$lBLL01$h0243
=CAT  \\$aIPL-CLA$c20221231$lBLL01$h1452
=CFI  0\$aCurrent copyright fee: GBP29.95$c22\1$e01-jan-2023$fGBP29.95$g0$hP$5Uk
=CFI  2\$aPrevious copyright fee: GBP34.00$c22\1$e01-jul-2018$fGBP34.00$g0$hP$5Uk
=CNF  \\$aFrench-Speaking Society for Theoretical Biology (Seminar)$n(32nd :$d2012 Jun :$cSaint-Flour, France)
=EST  \\$a1
=FFP  \\$aY$bBLDSS-3PM
=FIN  \\$aY$d20131031
=FMT  \\$a  BK
=LAS  \\$aIPL-CLA$b00$c20221231$lBLL01$h1452
=LKR  \\$aANA$b012431885$lBLL01$nActa biotheoretica$r773$y2013$v61$i3$mProceedings of the XXXIInd seminar of the French-Speaking Society for Theoretical Biology; Saint-Flour (Cantal), France, 10-13 June, 2012
=TCO  \\$aNLD$bSTICHTING REPRORECHT$c008
=UNO  \\$aY

