=LDR  04092caa a22009377i 4500
=001  016531509
=003  Uk
=005  20221231145211.0
=006  m\\\\||\\d\|\\\\\\
=007  cr\|||||||||||
=008  131031s2013\\\\ne\\\\\\o\\\\|1|0\0|eng\\
=040  \\$aUk$beng$cUk$erda
=245  00$aSpecial issue on the international workshop on climate and oceanic fisheries :$bRarotonga, Cook Islands, 3-5 October 2011.
=264  \1$aNetherlands :$bSpringer,$c[2013]
=300  \\$a1 online resource (pages 1-221)
=336  \\$atext$2rdacontent
=337  \\$acomputer$2rdamedia
=338  \\$aonline resource$2rdacarrier
=490  0\$aClimatic change,$x0165-0009 ,$vvol 119 issue 1 2013
=540  \\$aCurrent copyright fee: GBP29.95$c22\1$5Uk
=591  \\$aSelected papers. Based on the conference.
=595  \\$aESTAR title.
=653  1\$aOceanic fisheries
=653  1\$aFisheries
=653  1\$aClimate
=653  2\$aAPN
=653  2\$aSPC
=710  2\$aAsia Pacific Network for Global Change Research.
=710  2\$aNOAA, University of Auckland.
=710  2\$aBureau of Meteorology and AusAID.
=710  2\$aSecretariat of the Pacific Community.
=773  0\$tClimatic change$gv. 119, issue 1 (July 2013)
=852  41$aBritish Library$bDSC$j3279.250000
=852  \\$aBritish Library$bDSC
=856  \\$31850-9999$uhttp://www.springer.com/gb/$xBLDSS
=945  \\$aClimatic change, ISSN 0165-0009 ; vol 119 issue 1 2013
=ACF  \\$aPrevious copyright fee: GBP24.97$c13\1$e01-jan-2014$fGBP24.97$g0$hP$5Uk
=ACF  \\$aPrevious copyright fee: GBP24.21$c13\1$e01-jul-2014$fGBP24.21$g0$hP$5Uk
=ACF  \\$aPrevious copyright fee: GBP25.77$c13\1$e01-apr-2015$fGBP25.77$g0$hP$5Uk
=ACF  \\$aPrevious copyright fee: GBP26.63$c13\1$e01-jul-2015$fGBP26.63$g0$hP$5Uk
=ACF  \\$aPrevious copyright fee: GBP27.55$c13\1$e01-apr-2016$fGBP27.55$g0$hP$5Uk
=ACF  \\$aPrevious copyright fee: GBP29.59$c13\1$e01-oct-2016$fGBP29.59$g0$hP$5Uk
=ACF  \\$aPrevious copyright fee: GBP31.96$c13\1$e01-apr-2017$fGBP31.96$g0$hP$5Uk
=ACF  \\$aPrevious copyright fee: GBP30.73$c13\1$e01-oct-2017$fGBP30.73$g0$hP$5Uk
=CAT  \\$a10997$b40$c20131031$lBLL01$h1153
=CAT  \\$aBATCH-UPD$b00$c20150820$lBLL01$h1753
=CAT  \\$aIPL-CLA$c20150930$lBLL01$h1849
=CAT  \\$aBATCH-UPD$b00$c20160217$lBLL01$h1640
=CAT  \\$aIPL-CLA$c20160331$lBLL01$h1813
=CAT  \\$aBATCH-UPD$b00$c20160523$lBLL01$h1028
=CAT  \\$aBATCH-CLA$b00$c20160524$lBLL01$h0109
=CAT  \\$aBATCH-UPD$b00$c20160524$lBLL01$h2159
=CAT  \\$aW1607-1323$c20160726$lBLL01$h1340
=CAT  \\$aBATCH-CLA$b00$c20160727$lBLL01$h0131
=CAT  \\$aW1607-1323$c20160810$lBLL01$h1440
=CAT  \\$aBATCH-CLA$b00$c20160811$lBLL01$h0137
=CAT  \\$aBATCH-UPD$b00$c20160824$lBLL01$h1717
=CAT  \\$aIPL-CLA$c20160930$lBLL01$h1640
=CAT  \\$aBATCH-UPD$b00$c20170216$lBLL01$h1804
=CAT  \\$aIPL-CLA$c20170331$lBLL01$h1918
=CAT  \\$aBATCH-UPD$b00$c20170904$lBLL01$h1806
=CAT  \\$aIPL-CLA$c20170929$lBLL01$h1803
=CAT  \\$aBATCH-UPD$b00$c20180223$lBLL01$h1622
=CAT  \\$aIPL-CLA$c20180331$lBLL01$h1706
=CAT  \\$aBATCH-UPD$b00$c20180524$lBLL01$h1654
=CAT  \\$aIPL-CLA$c20180630$lBLL01$h1939
=CAT  \\$aBATCH-UPD$b00$c20221121$lBLL01$h1406
=CAT  \\$aBATCH-CLA$b00$c20221122$lBLL01$h0210
=CAT  \\$aBATCH-CLA$b00$c20221122$lBLL01$h0243
=CAT  \\$aIPL-CLA$c20221231$lBLL01$h1452
=CFI  0\$aCurrent copyright fee: GBP29.95$c22\1$e01-jan-2023$fGBP29.95$g0$hP$5Uk
=CFI  2\$aPrevious copyright fee: GBP34.00$c22\1$e01-jul-2018$fGBP34.00$g0$hP$5Uk
=CNF  \\$aClimate and oceanic fisheries (International workshop)$d(2011 Oct :$cRarotonga, Cook Islands)
=EST  \\$a1
=FFP  \\$aY$bBLDSS-3PM
=FIN  \\$aY$d20131031
=FMT  \\$a  BK
=LAS  \\$aIPL-CLA$b00$c20221231$lBLL01$h1452
=LKR  \\$aANA$b012432417$lBLL01$nClimatic change$mSpecial issue on the international workshop on climate and oceanic fisheries$r773$y2013$v119$i1
=TCO  \\$aNLD$bSTICHTING REPRORECHT$c008
=UNO  \\$aY

