=LDR  03966caa a22008777i 4500
=001  016535844
=003  Uk
=005  20221231145211.0
=006  m\\\\||\\d\|\\\\\\
=007  cr\|||||||||||
=008  131105s2013\\\\gw\\\\\\o\\\\|1|0\0|eng\\
=040  \\$aUk$beng$cUk$erda
=245  00$aInternational symposium on defects and properties of cast metals.
=264  \1$aHeidelberg, Germany :$bSpringer-Verlag,$c2013.
=300  \\$a1 online resource (pages 5294-5423)
=336  \\$atext$2rdacontent
=337  \\$acomputer$2rdamedia
=338  \\$aonline resource$2rdacarrier
=490  0\$aMetallurgical and materials transactions A,$x1073-5623 ,$vvol 44 no 12 2013
=540  \\$aCurrent copyright fee: GBP29.95$c22\1$5Uk
=591  \\$aSelected papers. Symposium held at the 141st TMS Annual Meeting in Orlando, Florida, from March 12 to 15, 2012.
=595  \\$aESTAR title.
=653  1\$aCast metals
=653  1\$aMetals
=653  1\$aTMS
=710  2\$aMinerals, Metals & Materials Society.
=773  0\$tMetallurgical and materials transactions A$gv. 44, issue 12 (December 2013)
=852  41$aBritish Library$bDSC$j5698.110000
=852  \\$aBritish Library$bDSC
=856  \\$31850-9999$uhttp://www.springer.com/gb/$xBLDSS
=945  \\$aMetallurgical and materials transactions A, ISSN 1073-5623 ; vol 44 no 12 2013
=ACF  \\$aPrevious copyright fee: GBP24.97$c4\4$e01-jan-2014$fGBP24.97$g0$hP$5Uk
=ACF  \\$aPrevious copyright fee: GBP24.21$c4\4$e01-jul-2014$fGBP24.21$g0$hP$5Uk
=ACF  \\$aPrevious copyright fee: GBP25.77$c4\4$e01-apr-2015$fGBP25.77$g0$hP$5Uk
=ACF  \\$aPrevious copyright fee: GBP26.63$c4\4$e01-jul-2015$fGBP26.63$g0$hP$5Uk
=ACF  \\$aPrevious copyright fee: GBP27.55$c4\4$e01-apr-2016$fGBP27.55$g0$hP$5Uk
=ACF  \\$aPrevious copyright fee: GBP29.59$c4\4$e01-oct-2016$fGBP29.59$g0$hP$5Uk
=ACF  \\$aPrevious copyright fee: GBP31.96$c4\4$e01-apr-2017$fGBP31.96$g0$hP$5Uk
=ACF  \\$aPrevious copyright fee: GBP30.73$c4\4$e01-oct-2017$fGBP30.73$g0$hP$5Uk
=CAT  \\$a6162$b40$c20131105$lBLL01$h1002
=CAT  \\$aIPL-CLA$c20150630$lBLL01$h1721
=CAT  \\$aBATCH-UPD$b00$c20150820$lBLL01$h1959
=CAT  \\$aIPL-CLA$c20150930$lBLL01$h1849
=CAT  \\$aBATCH-UPD$b00$c20160217$lBLL01$h1858
=CAT  \\$aIPL-CLA$c20160331$lBLL01$h1813
=CAT  \\$aBATCH-UPD$b00$c20160524$lBLL01$h2159
=CAT  \\$aBATCH-UPD$b00$c20160524$lBLL01$h2252
=CAT  \\$aW1607-1323$c20160726$lBLL01$h1340
=CAT  \\$aBATCH-CLA$b00$c20160727$lBLL01$h0131
=CAT  \\$aW1607-1323$c20160810$lBLL01$h1440
=CAT  \\$aBATCH-CLA$b00$c20160811$lBLL01$h0137
=CAT  \\$aBATCH-UPD$b00$c20160824$lBLL01$h1917
=CAT  \\$aIPL-CLA$c20160930$lBLL01$h1640
=CAT  \\$aBATCH-UPD$b00$c20170216$lBLL01$h2002
=CAT  \\$aIPL-CLA$c20170331$lBLL01$h1918
=CAT  \\$aBATCH-UPD$b00$c20170904$lBLL01$h2033
=CAT  \\$aIPL-CLA$c20170929$lBLL01$h1803
=CAT  \\$aBATCH-UPD$b00$c20180223$lBLL01$h1932
=CAT  \\$aIPL-CLA$c20180331$lBLL01$h1706
=CAT  \\$aBATCH-UPD$b00$c20180524$lBLL01$h1811
=CAT  \\$aIPL-CLA$c20180630$lBLL01$h1939
=CAT  \\$aBATCH-UPD$b00$c20221121$lBLL01$h1406
=CAT  \\$aBATCH-CLA$b00$c20221122$lBLL01$h0207
=CAT  \\$aBATCH-CLA$b00$c20221122$lBLL01$h0243
=CAT  \\$aIPL-CLA$c20221231$lBLL01$h1452
=CFI  0\$aCurrent copyright fee: GBP29.95$c22\1$e01-jan-2023$fGBP29.95$g0$hP$5Uk
=CFI  2\$aPrevious copyright fee: GBP34.00$c22\1$e01-jul-2018$fGBP34.00$g0$hP$5Uk
=CNF  \\$aDefects and properties in cast metals (International symposium)$d(2012 Mar :$cOrlando, FL)
=EST  \\$a1
=FFP  \\$aY$bBLDSS-3PM
=FIN  \\$aY$d20131105
=FMT  \\$a  BK
=LAS  \\$aIPL-CLA$b00$c20221231$lBLL01$h1452
=LKR  \\$aANA$b013710766$lBLL01$nMetallurgical and materials transactions A$mInternational symposium on defects and properties of cast metals$r773$y2013$v44$i12
=TCO  \\$aTRS$bCCC$c008
=UNO  \\$aY

