=LDR  03202caa a22007817i 4500
=001  016542939
=003  Uk
=005  20221231145213.0
=006  m\\\\||\\d\|\\\\\\
=007  cr\|||||||||||
=008  131113s2009\\\\ja\\\\\\o\\\\|1|0\0|eng\\
=040  \\$aUk$beng$cUk$erda
=245  00$aAdvancing sustainability science :$breport on the international conference on sustainability science (ICSS) 2009.
=264  \1$aJapan :$bSpringer Science + Media,$c[2009]
=300  \\$a1 online resource (pages 233-242)
=336  \\$atext$2rdacontent
=337  \\$acomputer$2rdamedia
=338  \\$aonline resource$2rdacarrier
=490  0\$aSustainability science,$x1862-4065 ,$vvol 4 no 2 2009
=540  \\$aCurrent copyright fee: GBP29.95$c22\1$5Uk
=591  \\$aReport.
=595  \\$aESTAR title.
=653  1\$aSustainability science
=653  1\$aAdvancing sustainability science
=653  1\$aICSS
=773  0\$tSustainability science$gv. 4, no. 2 (Oct 2009)
=852  41$aBritish Library$bDSC$j8553.353400
=852  \\$aBritish Library$bDSC
=852  41$aBritish Library$bHMNTS$jELD Digital store
=856  \\$31850-9999$uhttp://www.springer.com/gb/$xBLDSS
=945  \\$aSustainability science, ISSN 1862-4065 ; vol 4 no 2 2009
=CAT  \\$a8342$b40$c20131113$lBLL01$h1202
=CAT  \\$aBATCH-CLA$b00$c20160525$lBLL01$h0231
=CAT  \\$aBATCH-CLA$b00$c20160526$lBLL01$h0136
=CAT  \\$aW1607-1323$c20160726$lBLL01$h1340
=CAT  \\$aBATCH-CLA$b00$c20160727$lBLL01$h0131
=CAT  \\$aW1607-1323$c20160810$lBLL01$h1440
=CAT  \\$aBATCH-CLA$b00$c20160811$lBLL01$h0137
=CAT  \\$aBATCH-UPD$b00$c20160824$lBLL01$h1810
=CAT  \\$aBATCH-CLA$b00$c20160825$lBLL01$h0139
=CAT  \\$aIPL-CLA$c20160930$lBLL01$h1640
=CAT  \\$aBATCH-UPD$b00$c20170216$lBLL01$h1859
=CAT  \\$aBATCH-CLA$b00$c20170217$lBLL01$h0153
=CAT  \\$aIPL-CLA$c20170331$lBLL01$h1918
=CAT  \\$aBATCH-UPD$b00$c20170904$lBLL01$h1909
=CAT  \\$aBATCH-CLA$b00$c20170905$lBLL01$h0140
=CAT  \\$aIPL-CLA$c20170929$lBLL01$h1803
=CAT  \\$aBATCH-UPD$b00$c20180223$lBLL01$h1742
=CAT  \\$aBATCH-CLA$b00$c20180224$lBLL01$h0322
=CAT  \\$aIPL-CLA$c20180331$lBLL01$h1706
=CAT  \\$aBATCH-UPD$b00$c20180524$lBLL01$h1728
=CAT  \\$aBATCH-CLA$b00$c20180525$lBLL01$h0135
=CAT  \\$aIPL-CLA$c20180630$lBLL01$h1939
=CAT  \\$aBATCH-UPD$b00$c20221121$lBLL01$h1406
=CAT  \\$aBATCH-CLA$b00$c20221122$lBLL01$h0214
=CAT  \\$aBATCH-CLA$b00$c20221122$lBLL01$h0244
=CAT  \\$aIPL-CLA$c20221231$lBLL01$h1452
=CFI  0\$aCurrent copyright fee: GBP29.95$c22\1$e01-jan-2023$fGBP29.95$g0$hP$5Uk
=CFI  2\$aPrevious copyright fee: GBP34.00$c22\1$e01-jul-2018$fGBP34.00$g0$hP$5Uk
=CNF  \\$aSustainability science (International conference)$d(2009 Feb :$cTokyo)
=EST  \\$a1
=FFP  \\$aY$bBLDSS-3PM
=FIN  \\$aY$d20131113
=FMT  \\$a  BK
=LAS  \\$aIPL-CLA$b00$c20221231$lBLL01$h1452
=LKR  \\$aANA$b013609227$lBLL01$nSustainability science$r773$y2009$v4$i2$mAdvancing sustainability science : report on the international conference on sustainability science (ICSS) 2009
=TCO  \\$aJPN$bJAACC$c008
=UNO  \\$aY

