=LDR  04010caa a22008777i 4500
=001  016607388
=003  Uk
=005  20221231145223.0
=006  m\\\\||\\d\|\\\\\\
=007  cr\|||||||||||
=008  140121s2014\\\\xxu\\\\\o\\\\|1|0\0|eng\\
=040  \\$aUk$beng$cUk$erda
=245  00$aSymposium on deformation, damage and fracture of light metals and alloys.
=264  \1$aNew York :$bSpringer,$c2014.
=300  \\$a1 online resource (pages 6-71)
=336  \\$atext$2rdacontent
=337  \\$acomputer$2rdamedia
=338  \\$aonline resource$2rdacarrier
=490  0\$aMetallurgical and materials transactions A,$x1073-5623 ,$vvol 45 iss 1 2014
=540  \\$aCurrent copyright fee: GBP29.95$c22\1$5Uk
=591  \\$aPapers. Symposium held at the 142nd TMS annual meeting, San Antonio, TX, March 3-7, 2013.
=595  \\$aESTAR title.
=653  1\$aLight metals
=653  1\$aAlloys
=710  2\$aMinerals, Metals and Materials Society.
=773  0\$tMetallurgical and materials transactions A$gv. 45, issue 1 (January 2014)
=852  41$aBritish Library$bDSC$j5698.110000
=852  \\$aBritish Library$bDSC
=856  \\$31850-9999$uhttp://www.springer.com/gb/$xBLDSS
=945  \\$aMetallurgical and materials transactions A, ISSN 1073-5623 ; vol 45 iss 1 2014
=ACF  \\$aPrevious copyright fee: GBP24.97$c4\4$e01-jan-2014$fGBP24.97$g0$hP$5Uk
=ACF  \\$aPrevious copyright fee: GBP24.21$c4\4$e01-jul-2014$fGBP24.21$g0$hP$5Uk
=ACF  \\$aPrevious copyright fee: GBP25.77$c4\4$e01-apr-2015$fGBP25.77$g0$hP$5Uk
=ACF  \\$aPrevious copyright fee: GBP26.63$c4\4$e01-jul-2015$fGBP26.63$g0$hP$5Uk
=ACF  \\$aPrevious copyright fee: GBP25.77$c4\4$e01-oct-2015$fGBP25.77$g0$hP$5Uk
=ACF  \\$aPrevious copyright fee: GBP27.55$c4\4$e01-apr-2016$fGBP27.55$g0$hP$5Uk
=ACF  \\$aPrevious copyright fee: GBP29.59$c4\4$e01-oct-2016$fGBP29.59$g0$hP$5Uk
=ACF  \\$aPrevious copyright fee: GBP31.96$c4\4$e01-apr-2017$fGBP31.96$g0$hP$5Uk
=ACF  \\$aPrevious copyright fee: GBP30.73$c4\4$e01-oct-2017$fGBP30.73$g0$hP$5Uk
=CAT  \\$a6162$b40$c20140121$lBLL01$h1352
=CAT  \\$aIPL-CLA$c20150331$lBLL01$h1726
=CAT  \\$aBATCH-UPD$b00$c20150520$lBLL01$h1929
=CAT  \\$aIPL-CLA$c20150630$lBLL01$h1721
=CAT  \\$aBATCH-UPD$b00$c20150820$lBLL01$h1959
=CAT  \\$aIPL-CLA$c20150930$lBLL01$h1850
=CAT  \\$aBATCH-UPD$b00$c20160217$lBLL01$h1858
=CAT  \\$aIPL-CLA$c20160331$lBLL01$h1814
=CAT  \\$aBATCH-UPD$b00$c20160524$lBLL01$h2200
=CAT  \\$aBATCH-UPD$b00$c20160524$lBLL01$h2252
=CAT  \\$aW1607-1323$c20160726$lBLL01$h1340
=CAT  \\$aW1607-1323$c20160810$lBLL01$h1441
=CAT  \\$aBATCH-UPD$b00$c20160824$lBLL01$h1917
=CAT  \\$aIPL-CLA$c20160930$lBLL01$h1640
=CAT  \\$aBATCH-UPD$b00$c20170216$lBLL01$h2002
=CAT  \\$aIPL-CLA$c20170331$lBLL01$h1919
=CAT  \\$aBATCH-UPD$b00$c20170904$lBLL01$h2033
=CAT  \\$aIPL-CLA$c20170929$lBLL01$h1804
=CAT  \\$aBATCH-UPD$b00$c20180223$lBLL01$h1932
=CAT  \\$aIPL-CLA$c20180331$lBLL01$h1707
=CAT  \\$aBATCH-UPD$b00$c20180524$lBLL01$h1811
=CAT  \\$aIPL-CLA$c20180630$lBLL01$h1939
=CAT  \\$aBATCH-UPD$b00$c20221121$lBLL01$h1406
=CAT  \\$aBATCH-CLA$b00$c20221122$lBLL01$h0207
=CAT  \\$aBATCH-CLA$b00$c20221122$lBLL01$h0244
=CAT  \\$aIPL-CLA$c20221231$lBLL01$h1452
=CFI  0\$aCurrent copyright fee: GBP29.95$c22\1$e01-jan-2023$fGBP29.95$g0$hP$5Uk
=CFI  2\$aPrevious copyright fee: GBP34.00$c22\1$e01-jul-2018$fGBP34.00$g0$hP$5Uk
=CNF  \\$aDeformation, damage and fracture of light metals and alloys (Symposium)$d(2013 Mar :$cSan Antonio, TX)
=EST  \\$a1
=FFP  \\$aY$bBLDSS-3PM
=FIN  \\$aY$d20140121
=FMT  \\$a  BK
=LAS  \\$aIPL-CLA$b00$c20221231$lBLL01$h1452
=LKR  \\$aANA$b013710766$lBLL01$nMetallurgical and materials transactions A$mSymposium on deformation, damage and fracture of light metals and alloys$r773$y2014$v45$i1
=TCO  \\$aTRS$bCCC$c008
=UNO  \\$aY

