=LDR  03703caa a22008777i 4500
=001  016611420
=003  Uk
=005  20221231145224.0
=006  m\\\\||\\d\|\\\\\\
=007  cr\|||||||||||
=008  140128s2014\\\\xxu\\\\\o\\\\|1|0\0|eng\\
=040  \\$aUk$beng$cUk$erda
=245  00$aSymposium on signs, symbols and semiotics.
=264  \1$aNew York :$bSpringer Science+Business Media,$c[2014]
=300  \\$a1 online resource (pages 22-48)
=336  \\$atext$2rdacontent
=337  \\$acomputer$2rdamedia
=338  \\$aonline resource$2rdacarrier
=490  0\$aSociety -New Brunswick-,$x0147-2011 ,$vvol 51 iss 1 2014
=540  \\$aCurrent copyright fee: GBP29.95$c22\1$5Uk
=591  \\$aPapers.
=595  \\$aESTAR title.
=653  1\$aSemiotics
=653  1\$aSigns
=653  1\$aSymbols
=773  0\$tSociety$gv. 51, issue 1 (February 2014)
=852  41$aBritish Library$bDSC$j8319.183000
=852  \\$aBritish Library$bDSC
=856  \\$31850-9999$uhttp://www.springer.com/gb/$xBLDSS
=945  \\$aSociety -New Brunswick-, ISSN 0147-2011 ; vol 51 iss 1 2014
=ACF  \\$aPrevious copyright fee: GBP24.97$c22\8$e01-jan-2014$fGBP24.97$g0$hP$5Uk
=ACF  \\$aPrevious copyright fee: GBP24.21$c22\8$e01-jul-2014$fGBP24.21$g0$hP$5Uk
=ACF  \\$aPrevious copyright fee: GBP25.77$c22\8$e01-apr-2015$fGBP25.77$g0$hP$5Uk
=ACF  \\$aPrevious copyright fee: GBP26.63$c22\8$e01-jul-2015$fGBP26.63$g0$hP$5Uk
=ACF  \\$aPrevious copyright fee: GBP25.77$c22\8$e01-oct-2015$fGBP25.77$g0$hP$5Uk
=ACF  \\$aPrevious copyright fee: GBP27.55$c22\8$e01-apr-2016$fGBP27.55$g0$hP$5Uk
=ACF  \\$aPrevious copyright fee: GBP29.59$c22\8$e01-oct-2016$fGBP29.59$g0$hP$5Uk
=ACF  \\$aPrevious copyright fee: GBP31.96$c22\8$e01-apr-2017$fGBP31.96$g0$hP$5Uk
=ACF  \\$aPrevious copyright fee: GBP30.73$c22\8$e01-oct-2017$fGBP30.73$g0$hP$5Uk
=CAT  \\$a6162$b40$c20140128$lBLL01$h0914
=CAT  \\$aIPL-CLA$c20150331$lBLL01$h1726
=CAT  \\$aBATCH-UPD$b00$c20150520$lBLL01$h1800
=CAT  \\$aIPL-CLA$c20150630$lBLL01$h1722
=CAT  \\$aBATCH-UPD$b00$c20150820$lBLL01$h1847
=CAT  \\$aIPL-CLA$c20150930$lBLL01$h1850
=CAT  \\$aBATCH-UPD$b00$c20160217$lBLL01$h1738
=CAT  \\$aIPL-CLA$c20160331$lBLL01$h1814
=CAT  \\$aBATCH-UPD$b00$c20160524$lBLL01$h2215
=CAT  \\$aBATCH-UPD$b00$c20160525$lBLL01$h0030
=CAT  \\$aW1607-1323$c20160726$lBLL01$h1340
=CAT  \\$aW1607-1323$c20160810$lBLL01$h1441
=CAT  \\$aBATCH-UPD$b00$c20160824$lBLL01$h1805
=CAT  \\$aIPL-CLA$c20160930$lBLL01$h1640
=CAT  \\$aBATCH-UPD$b00$c20170216$lBLL01$h1853
=CAT  \\$aIPL-CLA$c20170331$lBLL01$h1919
=CAT  \\$aBATCH-UPD$b00$c20170904$lBLL01$h1903
=CAT  \\$aIPL-CLA$c20170929$lBLL01$h1804
=CAT  \\$aBATCH-UPD$b00$c20180223$lBLL01$h1736
=CAT  \\$aIPL-CLA$c20180331$lBLL01$h1708
=CAT  \\$aBATCH-UPD$b00$c20180524$lBLL01$h1723
=CAT  \\$aIPL-CLA$c20180630$lBLL01$h1939
=CAT  \\$aBATCH-UPD$b00$c20221121$lBLL01$h1406
=CAT  \\$aBATCH-CLA$b00$c20221122$lBLL01$h0158
=CAT  \\$aBATCH-CLA$b00$c20221122$lBLL01$h0244
=CAT  \\$aIPL-CLA$c20221231$lBLL01$h1452
=CFI  0\$aCurrent copyright fee: GBP29.95$c22\1$e01-jan-2023$fGBP29.95$g0$hP$5Uk
=CFI  2\$aPrevious copyright fee: GBP34.00$c22\1$e01-jul-2018$fGBP34.00$g0$hP$5Uk
=CNF  \\$aSigns, symbols and semiotics (Symposium)$d(2013)
=EST  \\$a1
=FFP  \\$aY$bBLDSS-3PM
=FIN  \\$aY$d20140128
=FMT  \\$a  BK
=LAS  \\$aIPL-CLA$b00$c20221231$lBLL01$h1452
=LKR  \\$aANA$b014053689$lBLL01$nSociety$mSymposium on signs, symbols and semiotics$r773$y2014$v51$i1
=TCO  \\$aTRS$bCCC$c008
=UNO  \\$aY

