=LDR  03368caa a22007817i 4500
=001  016613666
=003  Uk
=005  20221231145225.0
=006  m\\\\||\\d\|\\\\\\
=007  cr\|||||||||||
=008  140130s2013\\\\ne\\\\\\o\\\\|1|0\0|eng\\
=040  \\$aUk$beng$cUk$erda
=245  00$a3rd annual conference of the Leverhulme Centre for Integrative Research on Agriculture and Health (LCIRAH) :$bdeveloping methods in agriculture and health research, London, 13-14 June 2013.
=264  \1$aNetherlands :$bSpringer,$c[2013]
=300  \\$a1 online resource (pages 887-894)
=336  \\$atext$2rdacontent
=337  \\$acomputer$2rdamedia
=338  \\$aonline resource$2rdacarrier
=490  0\$aFood security,$x1876-4517 ,$vvol 5 no 6 2013
=540  \\$aCurrent copyright fee: GBP29.95$c22\1$5Uk
=591  \\$aReport.
=595  \\$aESTAR title.
=653  1\$aAgriculture
=653  1\$aHealth
=653  1\$aLCIRAH
=710  2\$aLeverhulme Centre for Integrative Research on Agriculture and Health.
=773  0\$tFood security$gv. 5, no. 6 (December 2013)
=852  41$aBritish Library$bDSC$j3983.235000
=852  \\$aBritish Library$bDSC
=856  \\$31850-9999$uhttp://www.springer.com/gb/$xBLDSS
=945  \\$aFood security, ISSN 1876-4517 ; vol 5 no 6 2013
=CAT  \\$a8342$b40$c20140130$lBLL01$h0838
=CAT  \\$aBATCH-CLA$b00$c20160525$lBLL01$h0231
=CAT  \\$aBATCH-CLA$b00$c20160526$lBLL01$h0136
=CAT  \\$aW1607-1323$c20160726$lBLL01$h1340
=CAT  \\$aBATCH-CLA$b00$c20160727$lBLL01$h0131
=CAT  \\$aW1607-1323$c20160810$lBLL01$h1441
=CAT  \\$aBATCH-CLA$b00$c20160811$lBLL01$h0137
=CAT  \\$aBATCH-UPD$b00$c20160824$lBLL01$h1750
=CAT  \\$aBATCH-CLA$b00$c20160825$lBLL01$h0140
=CAT  \\$aIPL-CLA$c20160930$lBLL01$h1640
=CAT  \\$aBATCH-UPD$b00$c20170216$lBLL01$h1837
=CAT  \\$aBATCH-CLA$b00$c20170217$lBLL01$h0154
=CAT  \\$aIPL-CLA$c20170331$lBLL01$h1919
=CAT  \\$aBATCH-UPD$b00$c20170904$lBLL01$h1845
=CAT  \\$aBATCH-CLA$b00$c20170905$lBLL01$h0140
=CAT  \\$aIPL-CLA$c20170929$lBLL01$h1804
=CAT  \\$aBATCH-UPD$b00$c20180223$lBLL01$h1706
=CAT  \\$aBATCH-CLA$b00$c20180224$lBLL01$h0323
=CAT  \\$aIPL-CLA$c20180331$lBLL01$h1708
=CAT  \\$aBATCH-UPD$b00$c20180524$lBLL01$h1709
=CAT  \\$aBATCH-CLA$b00$c20180525$lBLL01$h0135
=CAT  \\$aIPL-CLA$c20180630$lBLL01$h1939
=CAT  \\$aBATCH-UPD$b00$c20221121$lBLL01$h1406
=CAT  \\$aBATCH-CLA$b00$c20221122$lBLL01$h0215
=CAT  \\$aBATCH-CLA$b00$c20221122$lBLL01$h0244
=CAT  \\$aIPL-CLA$c20221231$lBLL01$h1452
=CFI  0\$aCurrent copyright fee: GBP29.95$c22\1$e01-jan-2023$fGBP29.95$g0$hP$5Uk
=CFI  2\$aPrevious copyright fee: GBP34.00$c22\1$e01-jul-2018$fGBP34.00$g0$hP$5Uk
=CNF  \\$aLeverhulme Centre for Integrative Research on Agriculture and Health (Annual conference)$n(3rd :$d2013 Jun :$cLondon)
=EST  \\$a1
=FFP  \\$aY$bBLDSS-3PM
=FIN  \\$aY$d20140130
=FMT  \\$a  BK
=LAS  \\$aIPL-CLA$b00$c20221231$lBLL01$h1452
=LKR  \\$aANA$b014918907$lBLL01$nFood security$r773$y2013$v5$i6$m3rd annual conference of the Leverhulme Centre for Integrative Research on Agriculture and Health (LCIRAH) : developing methods in agriculture and health research, London, 13-14 June 2013
=TCO  \\$aNLD$bSTICHTING REPRORECHT$c008
=UNO  \\$aY

