=LDR  04203caa a22009257i 4500
=001  016635383
=003  Uk
=005  20221231145231.0
=006  m\\\\||\\d\|\\\\\\
=007  cr\|||||||||||
=008  140225s2013\\\\gw\\\\\\o\\\\|1|0\0|eng\\
=040  \\$aUk$beng$cUk$erda
=245  00$aIOF-ESCEO Rome 2013 :$bEuropean congress on osteoporosis and osteoarthritis. 17-20 april 2013, Rome Cavalieri, Italy.
=264  \1$aBerlin :$bSpringer,$c2013.
=300  \\$a1 online resource (pages 1-417)
=336  \\$atext$2rdacontent
=337  \\$acomputer$2rdamedia
=338  \\$aonline resource$2rdacarrier
=490  0\$aOsteoporosis international,$x0937-941X ,$vvol 24 no 1 suppl 1 2013
=540  \\$aCurrent copyright fee: GBP34.95$c22\1$5Uk
=591  \\$aPreprinted abstracts and programme.
=595  \\$aESTAR title.
=653  1\$aOsteoporosis
=653  1\$aOsteoarthritis
=653  1\$aIOF
=653  1\$aESCEO
=710  2\$aInternational Osteoporosis Foundation.
=710  2\$aEuropean Society for Clinical and Economic Aspects of Osteoporosis and Osteoarthritis.
=773  0\$tOsteoporosis international$gv. 24, issue 1, supplement 1 (April 2013)
=852  41$aBritish Library$bHMNTS$jELD Digital store
=852  41$aBritish Library$bDSC$j6303.873500
=852  \\$aBritish Library$bDSC
=856  \\$31850-9999$uhttp://www.springer.com/gb/$xBLDSS
=945  \\$aOsteoporosis international, ISSN 0937-941X ; vol 24 no 1 suppl 1 2013
=ACF  \\$aPrevious copyright fee: GBP24.97$c22\7$e01-jan-2014$fGBP24.97$g0$hP$5Uk
=ACF  \\$aPrevious copyright fee: GBP24.21$c22\7$e01-jul-2014$fGBP24.21$g0$hP$5Uk
=ACF  \\$aPrevious copyright fee: GBP25.77$c22\7$e01-apr-2015$fGBP25.77$g0$hP$5Uk
=ACF  \\$aPrevious copyright fee: GBP26.63$c22\7$e01-jul-2015$fGBP26.63$g0$hP$5Uk
=ACF  \\$aPrevious copyright fee: GBP25.77$c22\7$e01-oct-2015$fGBP25.77$g0$hP$5Uk
=ACF  \\$aPrevious copyright fee: GBP27.55$c22\7$e01-apr-2016$fGBP27.55$g0$hP$5Uk
=ACF  \\$aPrevious copyright fee: GBP29.59$c22\7$e01-oct-2016$fGBP29.59$g0$hP$5Uk
=ACF  \\$aPrevious copyright fee: GBP31.96$c22\7$e01-apr-2017$fGBP31.96$g0$hP$5Uk
=ACF  \\$aPrevious copyright fee: GBP30.73$c22\7$e01-oct-2017$fGBP30.73$g0$hP$5Uk
=CAT  \\$a6162$b40$c20140225$lBLL01$h1623
=CAT  \\$aIPL-CLA$c20150630$lBLL01$h1722
=CAT  \\$aBATCH-UPD$b00$c20150820$lBLL01$h1844
=CAT  \\$aIPL-CLA$c20150930$lBLL01$h1851
=CAT  \\$aBATCH-UPD$b00$c20160217$lBLL01$h1735
=CAT  \\$aIPL-CLA$c20160331$lBLL01$h1815
=CAT  \\$aBATCH-UPD$b00$c20160520$lBLL01$h0901
=CAT  \\$aBATCH-UPD$b00$c20160524$lBLL01$h2215
=CAT  \\$aW1607-1323$c20160726$lBLL01$h1340
=CAT  \\$aW1607-1323$c20160810$lBLL01$h1441
=CAT  \\$aBATCH-UPD$b00$c20160824$lBLL01$h1802
=CAT  \\$aIPL-CLA$c20160930$lBLL01$h1641
=CAT  \\$aBATCH-UPD$b00$c20170216$lBLL01$h1850
=CAT  \\$aIPL-CLA$c20170331$lBLL01$h1919
=CAT  \\$aBATCH-UPD$b00$c20170904$lBLL01$h1900
=CAT  \\$aIPL-CLA$c20170929$lBLL01$h1804
=CAT  \\$aBATCH-UPD$b00$c20180223$lBLL01$h1733
=CAT  \\$aIPL-CLA$c20180331$lBLL01$h1708
=CAT  \\$aBATCH-UPD$b00$c20180524$lBLL01$h1720
=CAT  \\$aIPL-CLA$c20180630$lBLL01$h1940
=CAT  \\$aBATCH-CLA$b00$c20210825$lBLL01$h0119
=CAT  \\$aIPL-CLA$c20210930$lBLL01$h1529
=CAT  \\$aBATCH-UPD$b00$c20221121$lBLL01$h1412
=CAT  \\$aBATCH-CLA$b00$c20221122$lBLL01$h0140
=CAT  \\$aBATCH-CLA$b00$c20221122$lBLL01$h0244
=CAT  \\$aIPL-CLA$c20221231$lBLL01$h1452
=CFI  0\$aCurrent copyright fee: GBP34.95$c22\1$e01-jan-2023$fGBP34.95$g0$hP$5Uk
=CFI  2\$aPrevious copyright fee: GBP43.00$c22\1$e01-oct-2021$fGBP43.00$g0$hP$5Uk
=CNF  \\$aInternational Osteoporosis Foundation-European Society for Clinical and Economic Aspects of Osteoporosis and Osteoarthritis (Pre-clinical symposium)$n(3rd :$d2013 Apr :$cRome)
=EST  \\$a1
=FFP  \\$aY$bBLDSS-3PM
=FIN  \\$aY$d20140225
=FMT  \\$a  BK
=LAS  \\$aIPL-CLA$b00$c20221231$lBLL01$h1452
=LKR  \\$aANA$b013093997$lBLL01$nOsteoporosis international$mIOF-ESCEO Rome 2013$r773$y2013$v24$i1$p1
=TCO  \\$aCLA$bCLA$c008
=UNO  \\$aY

