=LDR  04000caa a22009017i 4500
=001  016648610
=003  Uk
=005  20221231145235.0
=006  m\\\\||\\d\|\\\\\\
=007  cr\|||||||||||
=008  140311s2011\\\\gw\\\\\\o\\\\|1|0\0|eng\\
=040  \\$aUk$beng$cUk$erda
=245  00$aWorkshop on kinetics/ESTAC-10, Rotterdam.
=264  \1$aBerlin :$bSpringer,$c[2011]
=300  \\$a1 online resource (page 1559)
=336  \\$atext$2rdacontent
=337  \\$acomputer$2rdamedia
=338  \\$aonline resource$2rdacarrier
=490  0\$aJournal of thermal analysis and calorimetry,$x0022-5215 ,$vvol 105 issue 3 2011
=540  \\$aCurrent copyright fee: GBP29.95$c22\1$5Uk
=591  \\$aReport. Held as part of the ESTAC-10 conference.
=595  \\$aESTAR title.
=653  1\$aKinetics
=653  1\$aESTAC
=653  2\$aICTAC
=710  2\$aInternational Confederation for Thermal Analysis and Calorimetry.
=773  0\$tJournal of thermal analysis and calorimetry$gv. 105, issue 3 (September 2011)
=852  41$aBritish Library$bDSC$j5069.090100
=852  \\$aBritish Library$bDSC
=852  41$aBritish Library$bHMNTS$jELD Digital store
=856  \\$31850-9999$uhttp://www.springer.com/gb/$xBLDSS
=945  \\$aJournal of thermal analysis and calorimetry, ISSN 0022-5215 ; vol 105 issue 3 2011
=ACF  \\$aPrevious copyright fee: GBP24.97$c13\1$e01-jan-2014$fGBP24.97$g0$hP$5Uk
=ACF  \\$aPrevious copyright fee: GBP24.21$c13\1$e01-jul-2014$fGBP24.21$g0$hP$5Uk
=ACF  \\$aPrevious copyright fee: GBP25.77$c13\1$e01-apr-2015$fGBP25.77$g0$hP$5Uk
=ACF  \\$aPrevious copyright fee: GBP26.63$c13\1$e01-jul-2015$fGBP26.63$g0$hP$5Uk
=ACF  \\$aPrevious copyright fee: GBP25.77$c13\1$e01-oct-2015$fGBP25.77$g0$hP$5Uk
=ACF  \\$aPrevious copyright fee: GBP27.55$c13\1$e01-apr-2016$fGBP27.55$g0$hP$5Uk
=ACF  \\$aPrevious copyright fee: GBP29.59$c13\1$e01-oct-2016$fGBP29.59$g0$hP$5Uk
=ACF  \\$aPrevious copyright fee: GBP31.96$c13\1$e01-apr-2017$fGBP31.96$g0$hP$5Uk
=ACF  \\$aPrevious copyright fee: GBP30.73$c13\1$e01-oct-2017$fGBP30.73$g0$hP$5Uk
=CAT  \\$a10997$b40$c20140311$lBLL01$h1217
=CAT  \\$aIPL-CLA$c20150331$lBLL01$h1727
=CAT  \\$aBATCH-UPD$b00$c20150520$lBLL01$h1704
=CAT  \\$aIPL-CLA$c20150630$lBLL01$h1722
=CAT  \\$aBATCH-UPD$b00$c20150820$lBLL01$h1753
=CAT  \\$aIPL-CLA$c20150930$lBLL01$h1851
=CAT  \\$aBATCH-UPD$b00$c20160217$lBLL01$h1640
=CAT  \\$aIPL-CLA$c20160331$lBLL01$h1815
=CAT  \\$aBATCH-UPD$b00$c20160524$lBLL01$h2200
=CAT  \\$aBATCH-UPD$b00$c20160524$lBLL01$h2246
=CAT  \\$aW1607-1323$c20160726$lBLL01$h1340
=CAT  \\$aW1607-1323$c20160810$lBLL01$h1441
=CAT  \\$aBATCH-UPD$b00$c20160824$lBLL01$h1717
=CAT  \\$aIPL-CLA$c20160930$lBLL01$h1641
=CAT  \\$aBATCH-UPD$b00$c20170216$lBLL01$h1804
=CAT  \\$aIPL-CLA$c20170331$lBLL01$h1919
=CAT  \\$aBATCH-UPD$b00$c20170904$lBLL01$h1806
=CAT  \\$aIPL-CLA$c20170929$lBLL01$h1805
=CAT  \\$aBATCH-UPD$b00$c20180223$lBLL01$h1622
=CAT  \\$aIPL-CLA$c20180331$lBLL01$h1708
=CAT  \\$aBATCH-UPD$b00$c20180524$lBLL01$h1654
=CAT  \\$aIPL-CLA$c20180630$lBLL01$h1940
=CAT  \\$aBATCH-UPD$b00$c20221121$lBLL01$h1406
=CAT  \\$aBATCH-CLA$b00$c20221122$lBLL01$h0203
=CAT  \\$aBATCH-CLA$b00$c20221122$lBLL01$h0244
=CAT  \\$aIPL-CLA$c20221231$lBLL01$h1452
=CFI  0\$aCurrent copyright fee: GBP29.95$c22\1$e01-jan-2023$fGBP29.95$g0$hP$5Uk
=CFI  2\$aPrevious copyright fee: GBP34.00$c22\1$e01-jul-2018$fGBP34.00$g0$hP$5Uk
=CNF  \\$aKinetics (Workshop)$d(2011 Dec :$cRotterdam, Netherlands)
=EST  \\$a1
=FFP  \\$aY$bBLDSS-3PM
=FIN  \\$aY$d20140311
=FMT  \\$a  BK
=LAS  \\$aIPL-CLA$b00$c20221231$lBLL01$h1452
=LKR  \\$aANA$b012434198$lBLL01$nJournal of thermal analysis and calorimetry$mWorkshop on kinetics/ESTAC-10, Rotterdam$r773$y2011$v105$i3
=TCO  \\$aNLD$bSTICHTING REPRORECHT$c008
=UNO  \\$aY

