=LDR  03981caa a22008777i 4500
=001  016655549
=003  Uk
=005  20221231145236.0
=006  m\\\\||\\d\|\\\\\\
=007  cr\|||||||||||
=008  140319s2009\\\\xxu\\\\\o\\\\|1|0\0|eng\\
=040  \\$aUk$beng$cUk$erda
=245  00$aSelected abstracts from the 7th congress meeting of the Asia Pacific Association of Medical Toxicology.
=264  \1$aNew York :$bSpringer, US,$c[2009]
=300  \\$a1 online resource (pages 165-174)
=336  \\$atext$2rdacontent
=337  \\$acomputer$2rdamedia
=338  \\$aonline resource$2rdacarrier
=490  0\$aJournal of medical toxicology,$x1556-9039 ,$vvol 5 issue 3 2009
=540  \\$aCurrent copyright fee: GBP34.95$c22\1$5Uk
=591  \\$aSelected abstracts.
=595  \\$aESTAR title.
=653  1\$aMedical toxicology
=653  1\$aToxicology
=710  2\$aAsia Pacific Association of Medical Toxicology.
=773  0\$tJournal of medical toxicology$gv. 5, issue 3 (September 2009)
=852  41$aBritish Library$bDSC$j5017.090200
=852  \\$aBritish Library$bDSC
=856  \\$31850-9999$uhttp://www.springer.com/gb/$xBLDSS
=945  \\$aJournal of medical toxicology, ISSN 1556-9039 ; vol 5 issue 3 2009
=ACF  \\$aPrevious copyright fee: GBP24.97$c22\8$e01-jan-2014$fGBP24.97$g0$hP$5Uk
=ACF  \\$aPrevious copyright fee: GBP24.21$c22\8$e01-jul-2014$fGBP24.21$g0$hP$5Uk
=ACF  \\$aPrevious copyright fee: GBP25.77$c22\8$e01-apr-2015$fGBP25.77$g0$hP$5Uk
=ACF  \\$aPrevious copyright fee: GBP26.63$c22\8$e01-jul-2015$fGBP26.63$g0$hP$5Uk
=ACF  \\$aPrevious copyright fee: GBP25.77$c22\8$e01-oct-2015$fGBP25.77$g0$hP$5Uk
=ACF  \\$aPrevious copyright fee: GBP27.55$c22\8$e01-apr-2016$fGBP27.55$g0$hP$5Uk
=ACF  \\$aPrevious copyright fee: GBP29.59$c22\8$e01-oct-2016$fGBP29.59$g0$hP$5Uk
=ACF  \\$aPrevious copyright fee: GBP31.96$c22\8$e01-apr-2017$fGBP31.96$g0$hP$5Uk
=ACF  \\$aPrevious copyright fee: GBP30.73$c22\8$e01-oct-2017$fGBP30.73$g0$hP$5Uk
=CAT  \\$a10934$b40$c20140319$lBLL01$h0903
=CAT  \\$aIPL-CLA$c20150630$lBLL01$h1722
=CAT  \\$aBATCH-UPD$b00$c20150820$lBLL01$h1847
=CAT  \\$aIPL-CLA$c20150930$lBLL01$h1851
=CAT  \\$aBATCH-UPD$b00$c20160217$lBLL01$h1738
=CAT  \\$aIPL-CLA$c20160331$lBLL01$h1815
=CAT  \\$aBATCH-UPD$b00$c20160524$lBLL01$h2215
=CAT  \\$aBATCH-UPD$b00$c20160525$lBLL01$h0045
=CAT  \\$aW1607-1323$c20160726$lBLL01$h1340
=CAT  \\$aW1607-1323$c20160810$lBLL01$h1441
=CAT  \\$aBATCH-UPD$b00$c20160824$lBLL01$h1805
=CAT  \\$aIPL-CLA$c20160930$lBLL01$h1641
=CAT  \\$aBATCH-UPD$b00$c20170216$lBLL01$h1853
=CAT  \\$aIPL-CLA$c20170331$lBLL01$h1919
=CAT  \\$aBATCH-UPD$b00$c20170904$lBLL01$h1903
=CAT  \\$aIPL-CLA$c20170929$lBLL01$h1805
=CAT  \\$aBATCH-UPD$b00$c20180223$lBLL01$h1736
=CAT  \\$aIPL-CLA$c20180331$lBLL01$h1708
=CAT  \\$aBATCH-UPD$b00$c20180524$lBLL01$h1723
=CAT  \\$aIPL-CLA$c20180630$lBLL01$h1940
=CAT  \\$aBATCH-CLA$b00$c20210819$lBLL01$h0106
=CAT  \\$aIPL-CLA$c20210930$lBLL01$h1529
=CAT  \\$aBATCH-UPD$b00$c20221121$lBLL01$h1412
=CAT  \\$aBATCH-CLA$b00$c20221122$lBLL01$h0214
=CAT  \\$aBATCH-CLA$b00$c20221122$lBLL01$h0244
=CAT  \\$aIPL-CLA$c20221231$lBLL01$h1452
=CFI  0\$aCurrent copyright fee: GBP34.95$c22\1$e01-jan-2023$fGBP34.95$g0$hP$5Uk
=CFI  2\$aPrevious copyright fee: GBP43.00$c22\1$e01-oct-2021$fGBP43.00$g0$hP$5Uk
=CNF  \\$aAsia Pacific Association of Medical Toxicology (Congress)$n(7th :$d2008 Dec :$cChandigarh, India)
=EST  \\$a1
=FFP  \\$aY$bBLDSS-3PM
=FIN  \\$aY$d20140319
=FMT  \\$a  BK
=LAS  \\$aIPL-CLA$b00$c20221231$lBLL01$h1452
=LKR  \\$aANA$b015477403$lBLL01$nJournal of medical toxicology$mSelected abstracts from the 7th congress meeting of the Asia Pacific Association of Medical Toxicology$r773$y2009$v5$i3
=TCO  \\$aTRS$bCCC$c008
=UNO  \\$aY

