=LDR  02994caa a22007697i 4500
=001  016712835
=003  Uk
=005  20221231145241.0
=006  m\\\\||\\d\|\\\\\\
=007  cr\|||||||||||
=008  140513s2014\\\\gw\\\\\\o\\\\|1|0\0|eng\\
=040  \\$aUk$beng$cUk$erda
=245  00$aUnited Nations War Crimes Commission symposium.
=264  \1$aBerlin :$bSpringer,$c2014.
=300  \\$a1 online resource (pages 1-381)
=336  \\$atext$2rdacontent
=337  \\$acomputer$2rdamedia
=338  \\$aonline resource$2rdacarrier
=490  0\$aCriminal law forum,$x1046-8374 ,$vvol 25, no 1-2 2014
=540  \\$aCurrent copyright fee: GBP29.95$c22\1$5Uk
=591  \\$aPapers.
=595  \\$aESTAR title.
=653  1\$aWar crimes
=653  1\$aUNWCC
=710  2\$aUnited Nations War Crimes Commission.
=773  0\$tCriminal law forum$gv. 25, issue 1-2 (2014)
=852  41$aBritish Library$bDSC$j3487.352500
=852  \\$aBritish Library$bDSC
=856  \\$31850-9999$uhttp://www.springer.com/gb/$xBLDSS
=945  \\$aCriminal law forum, ISSN 1046-8374 ; vol 25, no 1-2 2014
=CAT  \\$a6162$b40$c20140513$lBLL01$h0900
=CAT  \\$aBATCH-UPD$b00$c20160524$lBLL01$h2244
=CAT  \\$aBATCH-CLA$b00$c20160525$lBLL01$h0227
=CAT  \\$aW1607-1323$c20160726$lBLL01$h1341
=CAT  \\$aBATCH-CLA$b00$c20160727$lBLL01$h0131
=CAT  \\$aW1607-1323$c20160810$lBLL01$h1441
=CAT  \\$aBATCH-CLA$b00$c20160811$lBLL01$h0136
=CAT  \\$aBATCH-UPD$b00$c20160824$lBLL01$h1717
=CAT  \\$aBATCH-CLA$b00$c20160825$lBLL01$h0135
=CAT  \\$aIPL-CLA$c20160930$lBLL01$h1641
=CAT  \\$aBATCH-UPD$b00$c20170216$lBLL01$h1804
=CAT  \\$aBATCH-CLA$b00$c20170217$lBLL01$h0148
=CAT  \\$aIPL-CLA$c20170331$lBLL01$h1920
=CAT  \\$aBATCH-UPD$b00$c20170904$lBLL01$h1806
=CAT  \\$aBATCH-CLA$b00$c20170905$lBLL01$h0133
=CAT  \\$aIPL-CLA$c20170929$lBLL01$h1805
=CAT  \\$aBATCH-UPD$b00$c20180223$lBLL01$h1622
=CAT  \\$aBATCH-CLA$b00$c20180224$lBLL01$h0313
=CAT  \\$aIPL-CLA$c20180331$lBLL01$h1708
=CAT  \\$aBATCH-UPD$b00$c20180524$lBLL01$h1654
=CAT  \\$aBATCH-CLA$b00$c20180525$lBLL01$h0132
=CAT  \\$aIPL-CLA$c20180630$lBLL01$h1940
=CAT  \\$aBATCH-UPD$b00$c20221121$lBLL01$h1406
=CAT  \\$aBATCH-CLA$b00$c20221122$lBLL01$h0137
=CAT  \\$aBATCH-CLA$b00$c20221122$lBLL01$h0244
=CAT  \\$aIPL-CLA$c20221231$lBLL01$h1452
=CFI  0\$aCurrent copyright fee: GBP29.95$c22\1$e01-jan-2023$fGBP29.95$g0$hP$5Uk
=CFI  2\$aPrevious copyright fee: GBP34.00$c22\1$e01-jul-2018$fGBP34.00$g0$hP$5Uk
=CNF  \\$aUnited Nations War Crimes Commission (Written symposium)$d(2014)
=EST  \\$a1
=FFP  \\$aY$bBLDSS-3PM
=FIN  \\$aY$d20140513
=FMT  \\$a  BK
=LAS  \\$aIPL-CLA$b00$c20221231$lBLL01$h1452
=LKR  \\$aANA$b012432595$lBLL01$nCriminal law forum$mUnited Nations War Crimes Commission symposium$r773$y2014$v25$i1/2
=TCO  \\$aNLD$bSTICHTING REPRORECHT$c008
=UNO  \\$aY

