=LDR  04125caa a22009257i 4500
=001  016728683
=003  Uk
=005  20221231145243.0
=006  m\\\\||\\d\|\\\\\\
=007  cr\|||||||||||
=008  140528s2008\\\\gw\\\\\\o\\\\|1|0\0|eng\\
=040  \\$aUk$beng$cUk$erda
=245  00$aAACE, CPEN & EACE annual meeting, October 20-22, 2008, Sheraton Sand Key Resort, Clearwater, Florida :$bCancer education : from bench to bedside to commmunity : program & abstracts.
=264  \1$aHeidelberg :$bSpringer-Verlag GmbH,$c2008.
=300  \\$a1 online resource (pages 1-80)
=336  \\$atext$2rdacontent
=337  \\$acomputer$2rdamedia
=338  \\$aonline resource$2rdacarrier
=490  0\$aJournal of cancer education,$x0885-8195 ,$vvol 23 supple 1 2008
=540  \\$aCurrent copyright fee: GBP34.95$c22\1$5Uk
=591  \\$aAbstracts and programme.
=595  \\$aESTAR title.
=653  1\$aCancer education
=653  1\$aCancer patient
=653  1\$aPatient network
=653  1\$aCPEN
=653  1\$aAACE
=653  1\$aEACE
=710  2\$aAmerican Association for Cancer Education.
=710  2\$aEuropean Association for Cancer Education.
=710  2\$aCancer Patient Education Network (National Cancer Institute)
=773  0\$tJournal of cancer education$gv. 23, issue suppl 1 (2008)
=852  41$aBritish Library$bDSC$j4954.843000
=852  \\$aBritish Library$bDSC
=856  \\$31850-9999$uhttp://www.springer.com/gb/$xBLDSS
=945  \\$aJournal of cancer education, ISSN 0885-8195 ; vol 23 supple 1 2008
=ACF  \\$aPrevious copyright fee: GBP24.21$c22\1$e01-jul-2014$fGBP24.21$g0$hP$5Uk
=ACF  \\$aPrevious copyright fee: GBP25.77$c22\1$e01-apr-2015$fGBP25.77$g0$hP$5Uk
=ACF  \\$aPrevious copyright fee: GBP26.63$c22\1$e01-jul-2015$fGBP26.63$g0$hP$5Uk
=ACF  \\$aPrevious copyright fee: GBP25.77$c22\1$e01-oct-2015$fGBP25.77$g0$hP$5Uk
=ACF  \\$aPrevious copyright fee: GBP29.59$c22\1$e01-oct-2016$fGBP29.59$g0$hP$5Uk
=ACF  \\$aPrevious copyright fee: GBP31.96$c22\1$e01-apr-2017$fGBP31.96$g0$hP$5Uk
=ACF  \\$aPrevious copyright fee: GBP30.73$c22\1$e01-oct-2017$fGBP30.73$g0$hP$5Uk
=CAT  \\$a10934$b40$c20140528$lBLL01$h1634
=CAT  \\$aIPL-CLA$c20150930$lBLL01$h1852
=CAT  \\$aBATCH-UPD$b00$c20160217$lBLL01$h1721
=CAT  \\$aIPL-CLA$c20160331$lBLL01$h1816
=CAT  \\$aBATCH-UPD$b00$c20160524$lBLL01$h2215
=CAT  \\$aBATCH-UPD$b00$c20160525$lBLL01$h0014
=CAT  \\$aW1607-1323$c20160726$lBLL01$h1341
=CAT  \\$aW1607-1323$c20160810$lBLL01$h1441
=CAT  \\$aBATCH-UPD$b00$c20160824$lBLL01$h1750
=CAT  \\$aIPL-CLA$c20160930$lBLL01$h1641
=CAT  \\$a10969$b40$c20161209$lBLL01$h1542
=CAT  \\$aBATCH-CLA$b00$c20161210$lBLL01$h0114
=CAT  \\$aBATCH-UPD$b00$c20170216$lBLL01$h1837
=CAT  \\$aIPL-CLA$c20170331$lBLL01$h1920
=CAT  \\$aBATCH-UPD$b00$c20170904$lBLL01$h1845
=CAT  \\$aIPL-CLA$c20170929$lBLL01$h1805
=CAT  \\$aBATCH-UPD$b00$c20180223$lBLL01$h1706
=CAT  \\$aIPL-CLA$c20180331$lBLL01$h1709
=CAT  \\$aBATCH-UPD$b00$c20180524$lBLL01$h1709
=CAT  \\$aIPL-CLA$c20180630$lBLL01$h1940
=CAT  \\$aBATCH-CLA$b00$c20210817$lBLL01$h0105
=CAT  \\$aIPL-CLA$c20210930$lBLL01$h1529
=CAT  \\$aBATCH-UPD$b00$c20221121$lBLL01$h1413
=CAT  \\$aBATCH-CLA$b00$c20221122$lBLL01$h0201
=CAT  \\$aBATCH-CLA$b00$c20221122$lBLL01$h0244
=CAT  \\$aIPL-CLA$c20221231$lBLL01$h1452
=CFI  0\$aCurrent copyright fee: GBP34.95$c22\1$e01-jan-2023$fGBP34.95$g0$hP$5Uk
=CFI  2\$aPrevious copyright fee: GBP43.00$c22\1$e01-oct-2021$fGBP43.00$g0$hP$5Uk
=CNF  \\$aAmerican Association for Cancer Education (Joint annual meeting)$n(42nd :$d2008 Oct :$cClearwater, FL)
=EST  \\$a1
=FFP  \\$aY$bBLDSS-3PM
=FIN  \\$aY$d20140528
=FMT  \\$a  BK
=LAS  \\$aIPL-CLA$b00$c20221231$lBLL01$h1452
=LKR  \\$aANA$b012433709$lBLL01$nJournal of cancer education$mAACE, CPEN & EACE annual meeting, October 20-22, 2008, Sheraton Sand Key Resort, Clearwater, Florida$r773$y2008$v23$i1$psn
=TCO  \\$aCLA$bCLA$c008
=UNO  \\$aY

