=LDR  04014caa a22009017i 4500
=001  016758797
=003  Uk
=005  20221231145246.0
=006  m\\\\||\\d\|\\\\\\
=007  cr\|||||||||||
=008  140627s2014\\\\xxu\\\\\o\\\\|1|0\0|eng\\
=040  \\$aUk$beng$cUk$erda
=245  00$aBiorelevant in vitro performance testing of orally administered dosage forms-workshop report.
=300  \\$a1 online resource (pages 1867-1876)
=336  \\$atext$2rdacontent
=337  \\$acomputer$2rdamedia
=338  \\$aonline resource$2rdacarrier
=490  0\$aPharmaceutical research,$x0724-8741 ,$vvol 31 issue 7 2014
=540  \\$aCurrent copyright fee: GBP34.95$c22\1$5Uk
=591  \\$aReport.
=595  \\$aESTAR title.
=653  1\$aorally administered dosage forms
=653  1\$aBiorelevant vitro performance testing
=653  1\$aVitro performance testing
=653  1\$aAdministered dosage forms
=653  2\$aAAPS
=710  2\$aAmerican Association of Pharmaceutical Scientists.
=710  2\$aFIP Dissolution/Drug Release Focus Group.
=773  0\$tPharmaceutical research$gv. 31, issue 7 (July 2014)
=852  41$aBritish Library$bDSC$j6444.080000
=852  \\$aBritish Library$bDSC
=856  \\$31850-9999$uhttp://www.springer.com/gb/$xBLDSS
=945  \\$aPharmaceutical research, ISSN 0724-8741 ; vol 31 issue 7 2014
=ACF  \\$aPrevious copyright fee: GBP24.97$c4\4$e01-jan-2014$fGBP24.97$g0$hP$5Uk
=ACF  \\$aPrevious copyright fee: GBP24.21$c4\4$e01-jul-2014$fGBP24.21$g0$hP$5Uk
=ACF  \\$aPrevious copyright fee: GBP25.77$c4\4$e01-apr-2015$fGBP25.77$g0$hP$5Uk
=ACF  \\$aPrevious copyright fee: GBP26.63$c4\4$e01-jul-2015$fGBP26.63$g0$hP$5Uk
=ACF  \\$aPrevious copyright fee: GBP27.55$c4\4$e01-apr-2016$fGBP27.55$g0$hP$5Uk
=ACF  \\$aPrevious copyright fee: GBP29.59$c4\4$e01-oct-2016$fGBP29.59$g0$hP$5Uk
=ACF  \\$aPrevious copyright fee: GBP31.96$c4\4$e01-apr-2017$fGBP31.96$g0$hP$5Uk
=ACF  \\$aPrevious copyright fee: GBP30.73$c4\4$e01-oct-2017$fGBP30.73$g0$hP$5Uk
=CAT  \\$a10997$b40$c20140627$lBLL01$h1003
=CAT  \\$aIPL-CLA$c20150930$lBLL01$h1852
=CAT  \\$aBATCH-UPD$b00$c20160217$lBLL01$h1858
=CAT  \\$aIPL-CLA$c20160331$lBLL01$h1816
=CAT  \\$aBATCH-UPD$b00$c20160524$lBLL01$h2200
=CAT  \\$aBATCH-UPD$b00$c20160524$lBLL01$h2247
=CAT  \\$aW1607-1323$c20160726$lBLL01$h1341
=CAT  \\$aBATCH-CLA$b00$c20160727$lBLL01$h0131
=CAT  \\$aW1607-1323$c20160810$lBLL01$h1441
=CAT  \\$aBATCH-CLA$b00$c20160811$lBLL01$h0136
=CAT  \\$aBATCH-UPD$b00$c20160824$lBLL01$h1917
=CAT  \\$aIPL-CLA$c20160930$lBLL01$h1641
=CAT  \\$aBATCH-UPD$b00$c20170216$lBLL01$h2002
=CAT  \\$aIPL-CLA$c20170331$lBLL01$h1920
=CAT  \\$aBATCH-UPD$b00$c20170904$lBLL01$h2033
=CAT  \\$aIPL-CLA$c20170929$lBLL01$h1805
=CAT  \\$aBATCH-UPD$b00$c20180223$lBLL01$h1932
=CAT  \\$aIPL-CLA$c20180331$lBLL01$h1709
=CAT  \\$aBATCH-UPD$b00$c20180524$lBLL01$h1811
=CAT  \\$aIPL-CLA$c20180630$lBLL01$h1940
=CAT  \\$aBATCH-CLA$b00$c20210825$lBLL01$h0119
=CAT  \\$aIPL-CLA$c20210930$lBLL01$h1529
=CAT  \\$aBATCH-UPD$b00$c20221121$lBLL01$h1413
=CAT  \\$aBATCH-CLA$b00$c20221122$lBLL01$h0143
=CAT  \\$aBATCH-CLA$b00$c20221122$lBLL01$h0244
=CAT  \\$aIPL-CLA$c20221231$lBLL01$h1452
=CFI  0\$aCurrent copyright fee: GBP34.95$c22\1$e01-jan-2023$fGBP34.95$g0$hP$5Uk
=CFI  2\$aPrevious copyright fee: GBP43.00$c22\1$e01-oct-2021$fGBP43.00$g0$hP$5Uk
=CNF  \\$aBiorelevant in vitro performance testing of orally administered dosage forms (Workshop)$d(2013$cWashington, DC)
=EST  \\$a1
=FFP  \\$aY$bBLDSS-3PM
=FIN  \\$aY$d20140627
=FMT  \\$a  BK
=LAS  \\$aIPL-CLA$b00$c20221231$lBLL01$h1452
=LKR  \\$aANA$b012434705$lBLL01$nPHARMACEUTICAL RESEARCH$r773$y2014$v31$i7$mBiorelevant in vitro performance testing of orally administered dosage forms-workshop report.
=TCO  \\$aTRS$bCCC$c008
=UNO  \\$aY

