=LDR  03790caa a22008777i 4500
=001  016771068
=003  Uk
=005  20221231145248.0
=006  m\\\\||\\d\|\\\\\\
=007  cr\|||||||||||
=008  140707s2014\\\\gw\\\\\\o\\\\|1|0\0|eng\\
=040  \\$aUk$beng$cUk$erda
=245  00$aAPLAC workshop on reference material producer accreditation.
=264  \1$aHeidelberg :$bSpringer Verlag,$c[2014]
=300  \\$a1 online resource (pages 231-239)
=336  \\$atext$2rdacontent
=337  \\$acomputer$2rdamedia
=338  \\$aonline resource$2rdacarrier
=490  0\$aAccreditation and quality assurance,$x0949-1775 ,$vvol 19 issue 3 2014
=540  \\$aCurrent copyright fee: GBP29.95$c22\1$5Uk
=591  \\$aReport.
=595  \\$aESTAR title.
=653  1\$aAPLAC
=653  1\$aLaboratory accreditation
=653  1\$aAccreditation
=653  1\$aReference material
=710  2\$aAsia Pacific Laboratory Accreditation Cooperation.
=773  0\$tAccreditation and quality assurance$gv. 19, issue 3 (June 2014)
=852  \\$aBritish Library$bDSC$j0573.743000
=852  \\$aBritish Library$bDSC
=856  \\$31850-9999$uhttp://www.springer.com/gb/$xBLDSS
=945  \\$aAccreditation and quality assurance, ISSN 0949-1775 ; vol 19 issue 3 2014
=ACF  \\$aPrevious copyright fee: GBP24.21$c22\3$e01-jul-2014$fGBP24.21$g0$hP$5Uk
=ACF  \\$aPrevious copyright fee: GBP25.77$c22\3$e01-apr-2015$fGBP25.77$g0$hP$5Uk
=ACF  \\$aPrevious copyright fee: GBP26.63$c22\3$e01-jul-2015$fGBP26.63$g0$hP$5Uk
=ACF  \\$aPrevious copyright fee: GBP27.55$c22\3$e01-apr-2016$fGBP27.55$g0$hP$5Uk
=ACF  \\$aPrevious copyright fee: GBP29.59$c22\3$e01-oct-2016$fGBP29.59$g0$hP$5Uk
=ACF  \\$aPrevious copyright fee: GBP31.96$c22\3$e01-apr-2017$fGBP31.96$g0$hP$5Uk
=ACF  \\$aPrevious copyright fee: GBP30.73$c22\3$e01-oct-2017$fGBP30.73$g0$hP$5Uk
=CAT  \\$a10934$b40$c20140707$lBLL01$h1615
=CAT  \\$aBATCH-UPD$b00$c20150520$lBLL01$h1752
=CAT  \\$aIPL-CLA$c20150630$lBLL01$h1723
=CAT  \\$aBATCH-UPD$b00$c20150820$lBLL01$h1840
=CAT  \\$aIPL-CLA$c20150930$lBLL01$h1852
=CAT  \\$aBATCH-UPD$b00$c20160217$lBLL01$h1730
=CAT  \\$aIPL-CLA$c20160331$lBLL01$h1816
=CAT  \\$aBATCH-UPD$b00$c20160524$lBLL01$h2215
=CAT  \\$aBATCH-UPD$b00$c20160525$lBLL01$h0017
=CAT  \\$aBATCH-CLA$b00$c20160526$lBLL01$h0146
=CAT  \\$aW1607-1323$c20160726$lBLL01$h1341
=CAT  \\$aW1607-1323$c20160810$lBLL01$h1441
=CAT  \\$aBATCH-UPD$b00$c20160824$lBLL01$h1757
=CAT  \\$aIPL-CLA$c20160930$lBLL01$h1641
=CAT  \\$aBATCH-UPD$b00$c20170216$lBLL01$h1845
=CAT  \\$aIPL-CLA$c20170331$lBLL01$h1920
=CAT  \\$aBATCH-UPD$b00$c20170904$lBLL01$h1854
=CAT  \\$aIPL-CLA$c20170929$lBLL01$h1805
=CAT  \\$aBATCH-UPD$b00$c20180223$lBLL01$h1727
=CAT  \\$aIPL-CLA$c20180331$lBLL01$h1709
=CAT  \\$aBATCH-UPD$b00$c20180524$lBLL01$h1715
=CAT  \\$aIPL-CLA$c20180630$lBLL01$h1940
=CAT  \\$aBATCH-UPD$b00$c20221121$lBLL01$h1406
=CAT  \\$aBATCH-CLA$b00$c20221122$lBLL01$h0149
=CAT  \\$aBATCH-CLA$b00$c20221122$lBLL01$h0244
=CAT  \\$aIPL-CLA$c20221231$lBLL01$h1452
=CFI  0\$aCurrent copyright fee: GBP29.95$c22\1$e01-jan-2023$fGBP29.95$g0$hP$5Uk
=CFI  2\$aPrevious copyright fee: GBP34.00$c22\1$e01-jul-2018$fGBP34.00$g0$hP$5Uk
=CNF  \\$aReference material producer accreditation (Workshop)$d(2013 Nov :$cTokyo)
=EST  \\$a1
=FFP  \\$aY$bBLDSS-3PM
=FIN  \\$aY$d20140707
=FMT  \\$a  BK
=LAS  \\$aIPL-CLA$b00$c20221231$lBLL01$h1452
=LKR  \\$aANA$b013084747$lBLL01$nAccreditation and quality assurance$mAPLAC workshop on reference material producer accreditation$r773$y2014$v19$i3
=TCO  \\$aDEU$bVG WORT$c008
=UNO  \\$aY

