=LDR  03137caa a22008057i 4500
=001  016776955
=003  Uk
=005  20221231145248.0
=006  m\\\\||\\d\|\\\\\\
=007  cr\|||||||||||
=008  140709s2008\\\\at\\\\\\o\\\\|1|0\0|eng\\
=040  \\$aUk$beng$cUk$erda
=245  00$aDebate on dietary supplements and cancer risk at AICR meeting.
=264  \1$aAuckland :$bAdis Press,$c2008.
=300  \\$a1 online resource (page 2)
=336  \\$atext$2rdacontent
=337  \\$acomputer$2rdamedia
=338  \\$aonline resource$2rdacarrier
=490  0\$aReactions weekly,$x0114-9954 ,$vvol 1228 issue 1 2008
=540  \\$aCurrent copyright fee: GBP34.95$c21\0$5Uk
=591  \\$aReport.
=595  \\$aESTAR title.
=653  1\$aAICR
=653  1\$aCancer reserach
=653  1\$aDietary supplements
=653  1\$aCancer risk
=710  2\$aAmerican Institute for Cancer Research.
=773  0\$tReactions weekly$gv. 1228, issue 1 (November 2008)
=852  41$aBritish Library$bDSC$j7300.281500
=852  \\$aBritish Library$bDSC
=852  41$aBritish Library$bHMNTS$jELD Digital store
=856  \\$31850-9999$uhttp://link.springer.com/$xBLDSS
=945  \\$aReactions weekly, ISSN 0114-9954 ; vol 1228 issue 1 2008
=CAT  \\$a10934$b40$c20140709$lBLL01$h1124
=CAT  \\$aBATCH-UPD$b00$c20160524$lBLL01$h2215
=CAT  \\$aBATCH-CLA$b00$c20160525$lBLL01$h0229
=CAT  \\$aW1607-1323$c20160726$lBLL01$h1341
=CAT  \\$aBATCH-CLA$b00$c20160727$lBLL01$h0131
=CAT  \\$aW1607-1323$c20160810$lBLL01$h1441
=CAT  \\$aBATCH-CLA$b00$c20160811$lBLL01$h0136
=CAT  \\$aBATCH-UPD$b00$c20160824$lBLL01$h1745
=CAT  \\$aBATCH-CLA$b00$c20160825$lBLL01$h0138
=CAT  \\$aIPL-CLA$c20160930$lBLL01$h1641
=CAT  \\$aBATCH-UPD$b00$c20170216$lBLL01$h1833
=CAT  \\$aBATCH-CLA$b00$c20170217$lBLL01$h0151
=CAT  \\$aIPL-CLA$c20170331$lBLL01$h1920
=CAT  \\$aBATCH-UPD$b00$c20170904$lBLL01$h1841
=CAT  \\$aBATCH-CLA$b00$c20170905$lBLL01$h0138
=CAT  \\$aIPL-CLA$c20170929$lBLL01$h1805
=CAT  \\$aBATCH-UPD$b00$c20180223$lBLL01$h1659
=CAT  \\$aBATCH-CLA$b00$c20180224$lBLL01$h0319
=CAT  \\$aIPL-CLA$c20180331$lBLL01$h1709
=CAT  \\$aBATCH-UPD$b00$c20180524$lBLL01$h1705
=CAT  \\$aBATCH-CLA$b00$c20180525$lBLL01$h0133
=CAT  \\$aIPL-CLA$c20180630$lBLL01$h1940
=CAT  \\$aBATCH-UPD$b00$c20221121$lBLL01$h1352
=CAT  \\$aBATCH-CLA$b00$c20221122$lBLL01$h0159
=CAT  \\$aBATCH-CLA$b00$c20221122$lBLL01$h0244
=CAT  \\$aIPL-CLA$c20221231$lBLL01$h1452
=CFI  0\$aCurrent copyright fee: GBP34.95$c21\0$e01-jan-2023$fGBP34.95$g0$hP$5Uk
=CFI  2\$aPrevious copyright fee: GBP43.00$c21\0$e01-jul-2018$fGBP43.00$g0$hP$5Uk
=CNF  \\$aAmerican Institute for Cancer Research (Annual meeting)$d(2008)
=EST  \\$a1
=FFP  \\$aY$bBLDSS-3PM
=FIN  \\$aY$d20140709
=FMT  \\$a  BK
=LAS  \\$aIPL-CLA$b00$c20221231$lBLL01$h1452
=LKR  \\$aANA$b016335950$lBLL01$nReactions weekly$mDebate on dietary supplements and cancer risk at AICR meeting$r773$y2008$v1228$i1
=TCO  \\$aNZL$bCLL$c008
=UNO  \\$aY

