=LDR  03680caa a22008537i 4500
=001  016797365
=003  Uk
=005  20221231145249.0
=006  m\\\\||\\d\|\\\\\\
=007  cr\|||||||||||
=008  140724s2014\\\\ne\\\\\\o\\\\|1|0\0|eng\\
=040  \\$aUk$beng$cUk$erda
=245  04$aThe second Nordic HPS&ST symposium.
=264  \1$aDordrecht :$bSpringer,$c2014.
=300  \\$a1 online resource (pages 1565-1700)
=336  \\$atext$2rdacontent
=337  \\$acomputer$2rdamedia
=338  \\$aonline resource$2rdacarrier
=490  0\$aScience and education,$x0926-7220 ,$vvol 23 no 8 2014
=540  \\$aCurrent copyright fee: GBP29.95$c22\1$5Uk
=591  \\$aSelected papers. Based on those presented at the conference.
=595  \\$aESTAR title.
=653  1\$aScience teaching
=653  1\$aHPS&ST
=773  0\$tSCIENCE AND EDUCATION$gv. 23, issue 8 (August 2014)
=852  41$aBritish Library$bDSC$j8132.140000
=852  41$aBritish Library$bHMNTS$jELD Digital store
=852  \\$aBritish Library$bDSC
=856  \\$31850-9999$uhttp://www.springer.com/gb/$xBLDSS
=945  \\$aScience and education, ISSN 0926-7220 ; vol 23 no 8 2014
=ACF  \\$aPrevious copyright fee: GBP24.21$c13\1$e01-jul-2014$fGBP24.21$g0$hP$5Uk
=ACF  \\$aPrevious copyright fee: GBP25.77$c13\1$e01-apr-2015$fGBP25.77$g0$hP$5Uk
=ACF  \\$aPrevious copyright fee: GBP26.63$c13\1$e01-jul-2015$fGBP26.63$g0$hP$5Uk
=ACF  \\$aPrevious copyright fee: GBP27.55$c13\1$e01-apr-2016$fGBP27.55$g0$hP$5Uk
=ACF  \\$aPrevious copyright fee: GBP29.59$c13\1$e01-oct-2016$fGBP29.59$g0$hP$5Uk
=ACF  \\$aPrevious copyright fee: GBP31.96$c13\1$e01-apr-2017$fGBP31.96$g0$hP$5Uk
=ACF  \\$aPrevious copyright fee: GBP30.73$c13\1$e01-oct-2017$fGBP30.73$g0$hP$5Uk
=CAT  \\$a6162$b40$c20140724$lBLL01$h0949
=CAT  \\$aIPL-CLA$c20150630$lBLL01$h1723
=CAT  \\$aBATCH-UPD$b00$c20150820$lBLL01$h1754
=CAT  \\$aIPL-CLA$c20150930$lBLL01$h1852
=CAT  \\$aBATCH-UPD$b00$c20160217$lBLL01$h1641
=CAT  \\$aIPL-CLA$c20160331$lBLL01$h1816
=CAT  \\$aBATCH-UPD$b00$c20160524$lBLL01$h2200
=CAT  \\$aBATCH-UPD$b00$c20160524$lBLL01$h2247
=CAT  \\$aW1607-1323$c20160726$lBLL01$h1341
=CAT  \\$aBATCH-CLA$b00$c20160727$lBLL01$h0131
=CAT  \\$aW1607-1323$c20160810$lBLL01$h1441
=CAT  \\$aBATCH-CLA$b00$c20160811$lBLL01$h0136
=CAT  \\$aBATCH-UPD$b00$c20160824$lBLL01$h1717
=CAT  \\$aIPL-CLA$c20160930$lBLL01$h1642
=CAT  \\$aBATCH-UPD$b00$c20170216$lBLL01$h1804
=CAT  \\$aIPL-CLA$c20170331$lBLL01$h1920
=CAT  \\$aBATCH-UPD$b00$c20170904$lBLL01$h1806
=CAT  \\$aIPL-CLA$c20170929$lBLL01$h1805
=CAT  \\$aBATCH-UPD$b00$c20180223$lBLL01$h1622
=CAT  \\$aIPL-CLA$c20180331$lBLL01$h1709
=CAT  \\$aBATCH-UPD$b00$c20180524$lBLL01$h1655
=CAT  \\$aIPL-CLA$c20180630$lBLL01$h1940
=CAT  \\$aBATCH-UPD$b00$c20221121$lBLL01$h1406
=CAT  \\$aBATCH-CLA$b00$c20221122$lBLL01$h0157
=CAT  \\$aBATCH-CLA$b00$c20221122$lBLL01$h0244
=CAT  \\$aIPL-CLA$c20221231$lBLL01$h1452
=CFI  0\$aCurrent copyright fee: GBP29.95$c22\1$e01-jan-2023$fGBP29.95$g0$hP$5Uk
=CFI  2\$aPrevious copyright fee: GBP34.00$c22\1$e01-jul-2018$fGBP34.00$g0$hP$5Uk
=CNF  \\$aPhilosophy and history of science in science teaching (Symposium)$n(2nd :$d2012 Oct :$cHelsinki)
=EST  \\$a1
=FFP  \\$aY$bBLDSS-3PM
=FIN  \\$aY$d20140724
=FMT  \\$a  BK
=LAS  \\$aIPL-CLA$b00$c20221231$lBLL01$h1452
=LKR  \\$aANA$b012434991$lBLL01$nSCIENCE AND EDUCATION$mThe second Nordic HPS&ST symposium$r773$y2014$v23$i8
=TCO  \\$aNLD$bSTICHTING REPRORECHT$c008
=UNO  \\$aY

