=LDR  03155caa a22007577i 4500
=001  016813126
=003  Uk
=005  20221231145251.0
=006  m\\\\||\\d\|\\\\\\
=007  cr\|||||||||||
=008  140805s2014\\\\gw\\\\\\o\\\\|1|0\0|eng\\
=040  \\$aUk$beng$cUk$erda
=245  00$a17th international conference on theory and practice of digital libraries :$bTPDL 2013.
=264  \1$aBerlin :$bSpringer,$c[2014]
=300  \\$a1 online resource (pages 81-195)
=336  \\$atext$2rdacontent
=337  \\$acomputer$2rdamedia
=338  \\$aonline resource$2rdacarrier
=490  0\$aInternational journal on digital libraries,$x1432-5012 ,$vvol 14 no 3/4 2014
=540  \\$aCurrent copyright fee: GBP29.95$c22\1$5Uk
=591  \\$aPapers.
=595  \\$aESTAR title.
=653  1\$aDigital libraries
=653  1\$aTPDL
=773  0\$tInternational journal on digital libraries$gv. 14, no. 3/4 (August 2014)
=852  41$aBritish Library$bDSC$j4542.185420
=852  \\$aBritish Library$bDSC
=856  \\$31850-9999$uhttp://www.springer.com/gb/$xBLDSS
=945  \\$aInternational journal on digital libraries, ISSN 1432-5012 ; vol 14 no 3/4 2014
=CAT  \\$a8342$b40$c20140805$lBLL01$h0955
=CAT  \\$aBATCH-CLA$b00$c20160525$lBLL01$h0229
=CAT  \\$aBATCH-CLA$b00$c20160526$lBLL01$h0135
=CAT  \\$aW1607-1323$c20160726$lBLL01$h1341
=CAT  \\$aBATCH-CLA$b00$c20160727$lBLL01$h0131
=CAT  \\$aW1607-1323$c20160810$lBLL01$h1441
=CAT  \\$aBATCH-CLA$b00$c20160811$lBLL01$h0136
=CAT  \\$aBATCH-UPD$b00$c20160824$lBLL01$h1757
=CAT  \\$aBATCH-CLA$b00$c20160825$lBLL01$h0137
=CAT  \\$aIPL-CLA$c20160930$lBLL01$h1642
=CAT  \\$aBATCH-UPD$b00$c20170216$lBLL01$h1845
=CAT  \\$aBATCH-CLA$b00$c20170217$lBLL01$h0151
=CAT  \\$aIPL-CLA$c20170331$lBLL01$h1920
=CAT  \\$aBATCH-UPD$b00$c20170904$lBLL01$h1854
=CAT  \\$aBATCH-CLA$b00$c20170905$lBLL01$h0137
=CAT  \\$aIPL-CLA$c20170929$lBLL01$h1806
=CAT  \\$aBATCH-UPD$b00$c20180223$lBLL01$h1727
=CAT  \\$aBATCH-CLA$b00$c20180224$lBLL01$h0318
=CAT  \\$aIPL-CLA$c20180331$lBLL01$h1709
=CAT  \\$aBATCH-UPD$b00$c20180524$lBLL01$h1715
=CAT  \\$aBATCH-CLA$b00$c20180525$lBLL01$h0133
=CAT  \\$aIPL-CLA$c20180630$lBLL01$h1940
=CAT  \\$aBATCH-UPD$b00$c20221121$lBLL01$h1406
=CAT  \\$aBATCH-CLA$b00$c20221122$lBLL01$h0156
=CAT  \\$aBATCH-CLA$b00$c20221122$lBLL01$h0244
=CAT  \\$aIPL-CLA$c20221231$lBLL01$h1452
=CFI  0\$aCurrent copyright fee: GBP29.95$c22\1$e01-jan-2023$fGBP29.95$g0$hP$5Uk
=CFI  2\$aPrevious copyright fee: GBP34.00$c22\1$e01-jul-2018$fGBP34.00$g0$hP$5Uk
=CNF  \\$aTheory and practice of digital libraries (International conference)$n(17th :$d2013 Sep :$cValletta, Malta)
=EST  \\$a1
=FFP  \\$aY$bBLDSS-3PM
=FIN  \\$aY$d20140805
=FMT  \\$a  BK
=LAS  \\$aIPL-CLA$b00$c20221231$lBLL01$h1452
=LKR  \\$aANA$b013089703$lBLL01$nInternational journal on digital libraries$r773$y2014$v14$i3/4$m17th international conference on theory and practice of digital libraries : TPDL 2013
=TCO  \\$aDEU$bVG WORT$c008
=UNO  \\$aY

