=LDR  02912caa a22007697i 4500
=001  016813183
=003  Uk
=005  20221231145251.0
=006  m\\\\||\\d\|\\\\\\
=007  cr\|||||||||||
=008  140805s2009\\\\ne\\\\\\o\\\\|1|0\0|eng\\
=040  \\$aUk$beng$cUk$erda
=245  00$aNano Ethics Network workshop.
=264  \1$aDordrecht :$bSpringer,$c2009.
=300  \\$a1 online resource (pages 119-156)
=336  \\$atext$2rdacontent
=337  \\$acomputer$2rdamedia
=338  \\$aonline resource$2rdacarrier
=490  0\$aNanoethics,$x1871-4757 ,$vvol 3 iss 2 2009
=540  \\$aCurrent copyright fee: GBP29.95$c22\1$5Uk
=591  \\$aSelected papers.
=595  \\$aESTAR title.
=653  1\$aNano ethics
=653  1\$aEthics
=710  2\$aNano Ethics Network.
=773  0\$tNanoethics$gv. 3, issue 2 (August 2009)
=852  41$aBritish Library$bDSC$j6015.335527
=852  \\$aBritish Library$bDSC
=856  \\$31850-9999$uhttp://www.springer.com/gb/$xBLDSS
=945  \\$aNanoethics, ISSN 1871-4757 ; vol 3 iss 2 2009
=CAT  \\$a6162$b40$c20140805$lBLL01$h1048
=CAT  \\$aBATCH-UPD$b00$c20160524$lBLL01$h2252
=CAT  \\$aBATCH-CLA$b00$c20160525$lBLL01$h0231
=CAT  \\$aW1607-1323$c20160726$lBLL01$h1341
=CAT  \\$aBATCH-CLA$b00$c20160727$lBLL01$h0131
=CAT  \\$aW1607-1323$c20160810$lBLL01$h1441
=CAT  \\$aBATCH-CLA$b00$c20160811$lBLL01$h0137
=CAT  \\$aBATCH-UPD$b00$c20160824$lBLL01$h1717
=CAT  \\$aBATCH-CLA$b00$c20160825$lBLL01$h0140
=CAT  \\$aIPL-CLA$c20160930$lBLL01$h1642
=CAT  \\$aBATCH-UPD$b00$c20170216$lBLL01$h1804
=CAT  \\$aBATCH-CLA$b00$c20170217$lBLL01$h0153
=CAT  \\$aIPL-CLA$c20170331$lBLL01$h1920
=CAT  \\$aBATCH-UPD$b00$c20170904$lBLL01$h1806
=CAT  \\$aBATCH-CLA$b00$c20170905$lBLL01$h0140
=CAT  \\$aIPL-CLA$c20170929$lBLL01$h1806
=CAT  \\$aBATCH-UPD$b00$c20180223$lBLL01$h1622
=CAT  \\$aBATCH-CLA$b00$c20180224$lBLL01$h0322
=CAT  \\$aIPL-CLA$c20180331$lBLL01$h1709
=CAT  \\$aBATCH-UPD$b00$c20180524$lBLL01$h1655
=CAT  \\$aBATCH-CLA$b00$c20180525$lBLL01$h0135
=CAT  \\$aIPL-CLA$c20180630$lBLL01$h1940
=CAT  \\$aBATCH-UPD$b00$c20221121$lBLL01$h1406
=CAT  \\$aBATCH-CLA$b00$c20221122$lBLL01$h0214
=CAT  \\$aBATCH-CLA$b00$c20221122$lBLL01$h0244
=CAT  \\$aIPL-CLA$c20221231$lBLL01$h1452
=CFI  0\$aCurrent copyright fee: GBP29.95$c22\1$e01-jan-2023$fGBP29.95$g0$hP$5Uk
=CFI  2\$aPrevious copyright fee: GBP34.00$c22\1$e01-jul-2018$fGBP34.00$g0$hP$5Uk
=CNF  \\$aNano Ethics Network (Workshop)$n(3rd :$dAarhus, Denmark)
=EST  \\$a1
=FFP  \\$aY$bBLDSS-3PM
=FIN  \\$aY$d20140805
=FMT  \\$a  BK
=LAS  \\$aIPL-CLA$b00$c20221231$lBLL01$h1452
=LKR  \\$aANA$b013759697$lBLL01$nNanoEthics$mNano Ethics Network workshop$r773$y2009$v3$i2
=TCO  \\$aNLD$bSTICHTING REPRORECHT$c008
=UNO  \\$aY

