=LDR  03835caa a22008537i 4500
=001  016820296
=003  Uk
=005  20221231145252.0
=006  m\\\\||\\d\|\\\\\\
=007  cr\|||||||||||
=008  140811s2014\\\\gw\\\\\\o\\\\|1|0\0|eng\\
=040  \\$aUk$beng$cUk$erda
=245  00$a63rd annual scientific sessions of the American College of Cardiology :$b29-31 March 2014, Washington, DC, USA.
=264  \1$aHeidelberg :$bSpringer-Verlag GmbH,$c2014.
=300  \\$a1 online resource (pages 327-331)
=336  \\$atext$2rdacontent
=337  \\$acomputer$2rdamedia
=338  \\$aonline resource$2rdacarrier
=490  0\$aAmerican journal of cardiovascular drugs,$x1175-3277 ,$vvol 14 issue 4 2014
=540  \\$aCurrent copyright fee: GBP34.95$c21\0$5Uk
=591  \\$aReport.
=595  \\$aESTAR title.
=653  1\$aCardiology
=710  2\$aAmerican College of Cardiology.
=773  0\$tAmerican journal of cardiovascular drugs$gv. 14, issue 4 (August 2014)
=852  \\$aBritish Library$bDSC$j0822.515000
=852  \\$aBritish Library$bDSC
=852  41$aBritish Library$bHMNTS$jELD Digital store
=856  \\$31850-9999$uhttp://link.springer.com/$xBLDSS
=945  \\$aAmerican journal of cardiovascular drugs, ISSN 1175-3277 ; vol 14 issue 4 2014
=ACF  \\$aPrevious copyright fee: GBP30.27$c21\0$e01-jul-2014$fGBP30.27$g0$hP$5Uk
=ACF  \\$aPrevious copyright fee: GBP32.23$c21\0$e01-apr-2015$fGBP32.23$g0$hP$5Uk
=ACF  \\$aPrevious copyright fee: GBP33.30$c21\0$e01-jul-2015$fGBP33.30$g0$hP$5Uk
=ACF  \\$aPrevious copyright fee: GBP34.45$c21\0$e01-apr-2016$fGBP34.45$g0$hP$5Uk
=ACF  \\$aPrevious copyright fee: GBP37.00$c21\0$e01-oct-2016$fGBP37.00$g0$hP$5Uk
=ACF  \\$aPrevious copyright fee: GBP39.96$c21\0$e01-apr-2017$fGBP39.96$g0$hP$5Uk
=ACF  \\$aPrevious copyright fee: GBP38.42$c21\0$e01-oct-2017$fGBP38.42$g0$hP$5Uk
=CAT  \\$a10934$b40$c20140811$lBLL01$h1029
=CAT  \\$aIPL-CLA$c20150630$lBLL01$h1723
=CAT  \\$aBATCH-UPD$b00$c20150820$lBLL01$h1828
=CAT  \\$aIPL-CLA$c20150930$lBLL01$h1852
=CAT  \\$aBATCH-UPD$b00$c20160217$lBLL01$h1717
=CAT  \\$aIPL-CLA$c20160331$lBLL01$h1816
=CAT  \\$aBATCH-UPD$b00$c20160524$lBLL01$h2215
=CAT  \\$aBATCH-UPD$b00$c20160525$lBLL01$h0056
=CAT  \\$aW1607-1323$c20160726$lBLL01$h1341
=CAT  \\$aBATCH-CLA$b00$c20160727$lBLL01$h0131
=CAT  \\$aW1607-1323$c20160810$lBLL01$h1441
=CAT  \\$aBATCH-CLA$b00$c20160811$lBLL01$h0136
=CAT  \\$aBATCH-UPD$b00$c20160824$lBLL01$h1745
=CAT  \\$aIPL-CLA$c20160930$lBLL01$h1642
=CAT  \\$aBATCH-UPD$b00$c20170216$lBLL01$h1833
=CAT  \\$aIPL-CLA$c20170331$lBLL01$h1920
=CAT  \\$aBATCH-UPD$b00$c20170904$lBLL01$h1841
=CAT  \\$aIPL-CLA$c20170929$lBLL01$h1806
=CAT  \\$aBATCH-UPD$b00$c20180223$lBLL01$h1659
=CAT  \\$aIPL-CLA$c20180331$lBLL01$h1709
=CAT  \\$aBATCH-UPD$b00$c20180524$lBLL01$h1705
=CAT  \\$aIPL-CLA$c20180630$lBLL01$h1940
=CAT  \\$aBATCH-UPD$b00$c20221121$lBLL01$h1352
=CAT  \\$aBATCH-CLA$b00$c20221122$lBLL01$h0155
=CAT  \\$aBATCH-CLA$b00$c20221122$lBLL01$h0244
=CAT  \\$aIPL-CLA$c20221231$lBLL01$h1452
=CFI  0\$aCurrent copyright fee: GBP34.95$c21\0$e01-jan-2023$fGBP34.95$g0$hP$5Uk
=CFI  2\$aPrevious copyright fee: GBP43.00$c21\0$e01-jul-2018$fGBP43.00$g0$hP$5Uk
=CNF  \\$aAmerican College of Cardiology (Annual scientific sessions)$n(63rd :$d2014 Mar :$cWashington, DC)
=EST  \\$a1
=FFP  \\$aY$bBLDSS-3PM
=FIN  \\$aY$d20140811
=FMT  \\$a  BK
=LAS  \\$aIPL-CLA$b00$c20221231$lBLL01$h1452
=LKR  \\$aANA$b016323098$lBLL01$nAmerican journal of cardiovascular drugs$m63rd annual scientific sessions of the American College of Cardiology$r773$y2014$v14$i4
=TCO  \\$aNZL$bCLL$c008
=UNO  \\$aY

