=LDR  03774caa a22008417i 4500
=001  016872273
=003  Uk
=005  20221231145258.0
=006  m\\\\||\\d\|\\\\\\
=007  cr\|||||||||||
=008  140923s2014\\\\gw\\\\\\o\\\\|1|0\0|eng\\
=040  \\$aUk$beng$cUk$erda
=245  00$aXXXIXth Sir Peter Freyer memorial lecture and surgical symposium :$bArts Millennium Building, National University of Ireland, Galway, 5th & 6th September, 2014.
=264  \1$aHeidelberg :$bSpringer-Verlag GmbH,$c2014.
=300  \\$a1 online resource (pages 201-261)
=336  \\$atext$2rdacontent
=337  \\$acomputer$2rdamedia
=338  \\$aonline resource$2rdacarrier
=490  0\$aIrish journal of medical science,$x0021-1265 ,$vvol 183 issue 5 suppl 5 2014
=540  \\$aCurrent copyright fee: GBP34.95$c22\1$5Uk
=591  \\$aPreprinted abstracts and programme.
=595  \\$aESTAR title.
=653  1\$aSurgical
=653  1\$aFreyer
=773  0\$tIrish journal of medical science$gv. 183, issue 5, supplement 5 (September 2014)
=852  41$aBritish Library$bHMNTS$jELD Digital store
=852  41$aBritish Library$bDSC$j4572.000000
=852  \\$aBritish Library$bDSC
=856  \\$31850-9999$uhttp://link.springer.com/$xBLDSS
=945  \\$aIrish journal of medical science, ISSN 0021-1265 ; vol 183 issue 5 suppl 5 2014
=ACF  \\$aPrevious copyright fee: GBP24.21$c22\7$e01-jul-2014$fGBP24.21$g0$hP$5Uk
=ACF  \\$aPrevious copyright fee: GBP25.77$c22\7$e01-apr-2015$fGBP25.77$g0$hP$5Uk
=ACF  \\$aPrevious copyright fee: GBP27.55$c22\7$e01-apr-2016$fGBP27.55$g0$hP$5Uk
=ACF  \\$aPrevious copyright fee: GBP29.59$c22\7$e01-oct-2016$fGBP29.59$g0$hP$5Uk
=ACF  \\$aPrevious copyright fee: GBP31.96$c22\7$e01-apr-2017$fGBP31.96$g0$hP$5Uk
=ACF  \\$aPrevious copyright fee: GBP30.73$c22\7$e01-oct-2017$fGBP30.73$g0$hP$5Uk
=CAT  \\$a6162$b40$c20140923$lBLL01$h1055
=CAT  \\$aBATCH-UPD$b00$c20160217$lBLL01$h1735
=CAT  \\$aBATCH-CLA$b00$c20160218$lBLL01$h0324
=CAT  \\$aIPL-CLA$c20160331$lBLL01$h1817
=CAT  \\$aBATCH-UPD$b00$c20160519$lBLL01$h0958
=CAT  \\$aBATCH-CLA$b00$c20160520$lBLL01$h0117
=CAT  \\$aBATCH-UPD$b00$c20160524$lBLL01$h2216
=CAT  \\$aBATCH-CLA$b00$c20160525$lBLL01$h0253
=CAT  \\$aW1607-1323$c20160726$lBLL01$h1341
=CAT  \\$aW1607-1323$c20160810$lBLL01$h1441
=CAT  \\$aBATCH-UPD$b00$c20160824$lBLL01$h1802
=CAT  \\$aIPL-CLA$c20160930$lBLL01$h1642
=CAT  \\$aBATCH-UPD$b00$c20170216$lBLL01$h1850
=CAT  \\$aIPL-CLA$c20170331$lBLL01$h1921
=CAT  \\$aBATCH-UPD$b00$c20170904$lBLL01$h1900
=CAT  \\$aIPL-CLA$c20170929$lBLL01$h1806
=CAT  \\$aBATCH-UPD$b00$c20180223$lBLL01$h1733
=CAT  \\$aIPL-CLA$c20180331$lBLL01$h1710
=CAT  \\$aBATCH-UPD$b00$c20180524$lBLL01$h1720
=CAT  \\$aIPL-CLA$c20180630$lBLL01$h1941
=CAT  \\$aBATCH-CLA$b00$c20210814$lBLL01$h0105
=CAT  \\$aIPL-CLA$c20210930$lBLL01$h1529
=CAT  \\$aBATCH-UPD$b00$c20221121$lBLL01$h1413
=CAT  \\$aBATCH-CLA$b00$c20221122$lBLL01$h0200
=CAT  \\$aBATCH-CLA$b00$c20221122$lBLL01$h0244
=CAT  \\$aIPL-CLA$c20221231$lBLL01$h1452
=CFI  0\$aCurrent copyright fee: GBP34.95$c22\1$e01-jan-2023$fGBP34.95$g0$hP$5Uk
=CFI  2\$aPrevious copyright fee: GBP43.00$c22\1$e01-oct-2021$fGBP43.00$g0$hP$5Uk
=CNF  \\$aSir Peter Freyer (Surgical symposium)$n(39th :$d2014 Sep :$cGalway)
=EST  \\$a1
=FFP  \\$aY$bBLDSS-3PM
=FIN  \\$aY$d20140923
=FMT  \\$a  BK
=LAS  \\$aIPL-CLA$b00$c20221231$lBLL01$h1452
=LKR  \\$aANA$b013698069$lBLL01$nIrish journal of medical science$mXXXIXth Sir Peter Freyer memorial lecture and surgical symposium$r773$y2014$v183$i5$p5
=TCO  \\$aIRL$bICLA$c008
=UNO  \\$aY

