=LDR  03084caa a22007577i 4500
=001  016876616
=003  Uk
=005  20221231145300.0
=006  m\\\\||\\d\|\\\\\\
=007  cr\|||||||||||
=008  140930s2010\\\\enk\\\\\o\\\\|1|0\0|eng\\
=040  \\$aUk$beng$cUk$erda
=245  00$aUS-France relations in the age of Sarkozy.
=264  \1$aBasingstoke :$bPalgrave-Macmillan,$c2010.
=300  \\$a1 online resource (pages 149-212)
=336  \\$atext$2rdacontent
=337  \\$acomputer$2rdamedia
=338  \\$aonline resource$2rdacarrier
=490  0\$aEuropean political science,$x1680-4333 ,$vvol 9 no 2 2010
=540  \\$aCurrent copyright fee: GBP29.95$c22\1$5Uk
=591  \\$aSelected papers. Based on those presented at the APSA annual meeting.
=595  \\$aESTAR title.
=653  1\$aUS-France relations
=653  1\$aFrance-US relations
=653  1\$aSarkozy
=653  1\$aPolitical science
=710  2\$aAmerican Political Science Association.
=773  0\$tEuropean political science$gv. 9, issue 2 (June 2010)
=852  41$aBritish Library$bHMNTS$jELD Digital store
=852  41$aBritish Library$bDSC$j3829.788700
=852  \\$aBritish Library$bDSC
=856  \\$31850-9999$uhttp://www.palgrave.com/home/index.asp$xBLDSS
=945  \\$aEuropean political science, ISSN 1680-4333; vol 9 no 2 2010
=ACF  \\$aPrevious copyright fee: GBP22.00$c39\0$e01-oct-2010$fGBP22.00$g0$hP$5Uk
=ACF  \\$aPrevious copyright fee: GBP30.74$c39\0$e01-jan-2018$fGBP30.74$g0$hP$5Uk
=CAT  \\$a6162$b40$c20140930$lBLL01$h1449
=CAT  \\$aBATCH-CLA$b00$c20141001$lBLL01$h0052
=CAT  \\$aBATCH-CLA$b00$c20141001$lBLL01$h0053
=CAT  \\$aBLDSS-3PM$b00$c20160620$lBLL01$h1456
=CAT  \\$aBATCH-UPD$b00$c20160620$lBLL01$h1458
=CAT  \\$aW1607-1323$c20160726$lBLL01$h1341
=CAT  \\$aBATCH-CLA$b00$c20160727$lBLL01$h0131
=CAT  \\$aW1607-1323$c20160810$lBLL01$h1441
=CAT  \\$aBATCH-CLA$b00$c20160811$lBLL01$h0136
=CAT  \\$aBATCH-UPD$b00$c20171121$lBLL01$h1713
=CAT  \\$aIPL-CLA$c20171231$lBLL01$h1826
=CAT  \\$aBATCH-UPD$b00$c20180223$lBLL01$h1820
=CAT  \\$aIPL-CLA$c20180331$lBLL01$h1710
=CAT  \\$aBATCH-UPD$b00$c20180524$lBLL01$h1739
=CAT  \\$aIPL-CLA$c20180630$lBLL01$h1941
=CAT  \\$aBATCH-UPD$b00$c20180704$lBLL01$h0023
=CAT  \\$aBATCH-UPD$b00$c20221121$lBLL01$h1406
=CAT  \\$aBATCH-CLA$b00$c20221122$lBLL01$h0143
=CAT  \\$aBATCH-CLA$b00$c20221122$lBLL01$h0244
=CAT  \\$aIPL-CLA$c20221231$lBLL01$h1453
=CFI  0\$aCurrent copyright fee: GBP29.95$c22\1$e01-jan-2023$fGBP29.95$g0$hP$5Uk
=CFI  2\$aPrevious copyright fee: GBP34.00$c22\1$e01-jul-2018$fGBP34.00$g0$hP$5Uk
=CNF  \\$aFrance-US relations (Roundtable)$d(2008 Aug :$cBoston, MA)
=EST  \\$a1
=FFP  \\$aY$bBLDSS-3PM
=FIN  \\$aY$d20140930
=FMT  \\$a  BK
=LAS  \\$aIPL-CLA$b00$c20221231$lBLL01$h1453
=LKR  \\$aANA$b014618889$lBLL01$nEuropean political science$mUS-France relations in the age of Sarkozy$r773$y2010$v9$i2
=TCO  \\$aCLA$bCLA$c008
=UNO  \\$aY

