=LDR  03830caa a22008777i 4500
=001  016889642
=003  Uk
=005  20221231145302.0
=006  m\\\\||\\d\|\\\\\\
=007  cr\|||||||||||
=008  141013s2014\\\\gw\\\\\\o\\\\|1|0\0|eng\\
=040  \\$aUk$beng$cUk$erda
=245  00$a24th congress of the European Society for Pediatric Neurosurgery (ESPN), Rome-Italy, 4-7 May 2014.
=264  \1$aHeidelberg :$bSpringer GmbH.,$c2014.
=300  \\$a1 online resource (pages 727-800)
=336  \\$atext$2rdacontent
=337  \\$acomputer$2rdamedia
=338  \\$aonline resource$2rdacarrier
=490  0\$aChilds nervous system,$x0256-7040 ,$vvol 30 no 4 2014
=540  \\$aCurrent copyright fee: GBP34.95$c22\1$5Uk
=591  \\$aAbstracts.
=595  \\$aESTAR title.
=653  1\$aESPN
=653  1\$aPediatric neurosurgery
=653  1\$aNeurosurgery
=710  2\$aEuropean Society for Pediatric Neurosurgery.
=773  0\$tChild's nervous system$gv. 30, issue 4 (April 2014)
=852  41$aBritish Library$bDSC$j3172.993080
=852  \\$aBritish Library$bDSC
=852  41$aBritish Library$bHMNTS$jELD Digital store
=856  \\$31850-9999$uhttp://www.springer.com/gb/$xBLDSS
=945  \\$aChilds nervous system, ISSN 0256-7040 ; vol 30 no 4 2014
=ACF  \\$aPrevious copyright fee: GBP24.21$c22\3$e01-jul-2014$fGBP24.21$g0$hP$5Uk
=ACF  \\$aPrevious copyright fee: GBP25.77$c22\3$e01-apr-2015$fGBP25.77$g0$hP$5Uk
=ACF  \\$aPrevious copyright fee: GBP26.63$c22\3$e01-jul-2015$fGBP26.63$g0$hP$5Uk
=ACF  \\$aPrevious copyright fee: GBP27.55$c22\3$e01-apr-2016$fGBP27.55$g0$hP$5Uk
=ACF  \\$aPrevious copyright fee: GBP29.59$c22\3$e01-oct-2016$fGBP29.59$g0$hP$5Uk
=ACF  \\$aPrevious copyright fee: GBP31.96$c22\3$e01-apr-2017$fGBP31.96$g0$hP$5Uk
=ACF  \\$aPrevious copyright fee: GBP30.73$c22\3$e01-oct-2017$fGBP30.73$g0$hP$5Uk
=CAT  \\$a10934$b40$c20141013$lBLL01$h1637
=CAT  \\$aIPL-CLA$c20150930$lBLL01$h1853
=CAT  \\$aBATCH-UPD$b00$c20160217$lBLL01$h1730
=CAT  \\$aIPL-CLA$c20160331$lBLL01$h1817
=CAT  \\$aBATCH-UPD$b00$c20160524$lBLL01$h2216
=CAT  \\$aBATCH-UPD$b00$c20160525$lBLL01$h0018
=CAT  \\$aW1607-1323$c20160726$lBLL01$h1341
=CAT  \\$aBATCH-CLA$b00$c20160727$lBLL01$h0131
=CAT  \\$aW1607-1323$c20160810$lBLL01$h1441
=CAT  \\$aBATCH-CLA$b00$c20160811$lBLL01$h0137
=CAT  \\$aBATCH-UPD$b00$c20160824$lBLL01$h1757
=CAT  \\$aIPL-CLA$c20160930$lBLL01$h1642
=CAT  \\$aBATCH-UPD$b00$c20170216$lBLL01$h1845
=CAT  \\$aIPL-CLA$c20170331$lBLL01$h1921
=CAT  \\$aBATCH-UPD$b00$c20170904$lBLL01$h1854
=CAT  \\$aIPL-CLA$c20170929$lBLL01$h1806
=CAT  \\$aBATCH-UPD$b00$c20180223$lBLL01$h1727
=CAT  \\$aIPL-CLA$c20180331$lBLL01$h1710
=CAT  \\$aBATCH-UPD$b00$c20180524$lBLL01$h1715
=CAT  \\$aIPL-CLA$c20180630$lBLL01$h1941
=CAT  \\$aBATCH-CLA$b00$c20210811$lBLL01$h0117
=CAT  \\$aIPL-CLA$c20210930$lBLL01$h1529
=CAT  \\$aBATCH-UPD$b00$c20221121$lBLL01$h1413
=CAT  \\$aBATCH-CLA$b00$c20221122$lBLL01$h0210
=CAT  \\$aBATCH-CLA$b00$c20221122$lBLL01$h0244
=CAT  \\$aIPL-CLA$c20221231$lBLL01$h1453
=CFI  0\$aCurrent copyright fee: GBP34.95$c22\1$e01-jan-2023$fGBP34.95$g0$hP$5Uk
=CFI  2\$aPrevious copyright fee: GBP43.00$c22\1$e01-oct-2021$fGBP43.00$g0$hP$5Uk
=CNF  \\$aEuropean Society for Pediatric Neurosurgery (Congress)$n(24th :$d2014 May :$cRome)
=EST  \\$a1
=FFP  \\$aY$bBLDSS-3PM
=FIN  \\$aY$d20141013
=FMT  \\$a  BK
=LAS  \\$aIPL-CLA$b00$c20221231$lBLL01$h1453
=LKR  \\$aANA$b013089572$lBLL01$nChild's nervous system$m24th congress of the European Society for Pediatric Neurosurgery (ESPN), Rome-Italy, 4-7 May 2014$r773$y2014$v30$i4
=TCO  \\$aDEU$bVG WORT$c008
=UNO  \\$aY

