=LDR  03731caa a22008537i 4500
=001  016892468
=003  Uk
=005  20221231145303.0
=006  m\\\\||\\d\|\\\\\\
=007  cr\|||||||||||
=008  141015s2014\\\\gw\\\\\\o\\\\|1|0\0|eng\\
=040  \\$aUk$beng$cUk$erda
=245  00$a131st congress of the German Society for Surgery :$bexperimental and clinical research abstracts.
=264  \1$aHeidelberg :$bSpringer-Verlag GmbH,$c2014.
=300  \\$a1 online resource (pages 371-413)
=336  \\$atext$2rdacontent
=337  \\$acomputer$2rdamedia
=338  \\$aonline resource$2rdacarrier
=490  0\$aLangenbecks archive of surgery,$x1435-2443 ,$vvol 399 issue 3 2014
=540  \\$aCurrent copyright fee: GBP34.95$c22\1$5Uk
=591  \\$aAbstracts.
=595  \\$aESTAR title.
=653  1\$aSurgery
=653  1\$aClinical research
=710  2\$aDeutsche Gesellschaft für Chirurgie.
=773  0\$tLangenbeck's archives of surgery$gv. 399, issue 3 (March 2014)
=852  41$aBritish Library$bDSC$j5155.680500
=852  \\$aBritish Library$bDSC
=856  \\$31850-9999$uhttp://www.springer.com/gb/$xBLDSS
=945  \\$aLangenbecks archive of surgery, ISSN 1435-2443 ; vol 399 issue 3 2014
=ACF  \\$aPrevious copyright fee: GBP24.21$c22\3$e01-jul-2014$fGBP24.21$g0$hP$5Uk
=ACF  \\$aPrevious copyright fee: GBP25.77$c22\3$e01-apr-2015$fGBP25.77$g0$hP$5Uk
=ACF  \\$aPrevious copyright fee: GBP26.63$c22\3$e01-jul-2015$fGBP26.63$g0$hP$5Uk
=ACF  \\$aPrevious copyright fee: GBP27.55$c22\3$e01-apr-2016$fGBP27.55$g0$hP$5Uk
=ACF  \\$aPrevious copyright fee: GBP29.59$c22\3$e01-oct-2016$fGBP29.59$g0$hP$5Uk
=ACF  \\$aPrevious copyright fee: GBP31.96$c22\3$e01-apr-2017$fGBP31.96$g0$hP$5Uk
=ACF  \\$aPrevious copyright fee: GBP30.73$c22\3$e01-oct-2017$fGBP30.73$g0$hP$5Uk
=CAT  \\$a10934$b40$c20141015$lBLL01$h1033
=CAT  \\$aBATCH-UPD$b00$c20160217$lBLL01$h1730
=CAT  \\$aIPL-CLA$c20160331$lBLL01$h1817
=CAT  \\$aBATCH-UPD$b00$c20160512$lBLL01$h2051
=CAT  \\$aBATCH-CLA$b00$c20160513$lBLL01$h0124
=CAT  \\$aBATCH-UPD$b00$c20160519$lBLL01$h2056
=CAT  \\$aBATCH-CLA$b00$c20160520$lBLL01$h0112
=CAT  \\$aBATCH-UPD$b00$c20160524$lBLL01$h2216
=CAT  \\$aW1607-1323$c20160726$lBLL01$h1341
=CAT  \\$aW1607-1323$c20160810$lBLL01$h1441
=CAT  \\$aBATCH-UPD$b00$c20160824$lBLL01$h1757
=CAT  \\$aIPL-CLA$c20160930$lBLL01$h1642
=CAT  \\$aBATCH-UPD$b00$c20170216$lBLL01$h1845
=CAT  \\$aIPL-CLA$c20170331$lBLL01$h1921
=CAT  \\$aBATCH-UPD$b00$c20170904$lBLL01$h1854
=CAT  \\$aIPL-CLA$c20170929$lBLL01$h1806
=CAT  \\$aBATCH-UPD$b00$c20180223$lBLL01$h1727
=CAT  \\$aIPL-CLA$c20180331$lBLL01$h1710
=CAT  \\$aBATCH-UPD$b00$c20180524$lBLL01$h1715
=CAT  \\$aIPL-CLA$c20180630$lBLL01$h1941
=CAT  \\$aBATCH-CLA$b00$c20210824$lBLL01$h0105
=CAT  \\$aIPL-CLA$c20210930$lBLL01$h1529
=CAT  \\$aBATCH-UPD$b00$c20221121$lBLL01$h1413
=CAT  \\$aBATCH-CLA$b00$c20221122$lBLL01$h0205
=CAT  \\$aBATCH-CLA$b00$c20221122$lBLL01$h0244
=CAT  \\$aIPL-CLA$c20221231$lBLL01$h1453
=CFI  0\$aCurrent copyright fee: GBP34.95$c22\1$e01-jan-2023$fGBP34.95$g0$hP$5Uk
=CFI  2\$aPrevious copyright fee: GBP43.00$c22\1$e01-oct-2021$fGBP43.00$g0$hP$5Uk
=CNF  \\$aGerman Society for Surgery (Congress)$n(131st :$d2014 Mar :$cBerlin)
=EST  \\$a1
=FFP  \\$aY$bBLDSS-3PM
=FIN  \\$aY$d20141015
=FMT  \\$a  BK
=LAS  \\$aIPL-CLA$b00$c20221231$lBLL01$h1453
=LKR  \\$aANA$b013103548$lBLL01$nLangenbeck's archives of surgery$m131st congress of the German Society for Surgery$r773$y2014$v399$i3
=TCO  \\$aDEU$bVG WORT$c008
=UNO  \\$aY

