=LDR  04241caa a22008897i 4500
=001  016911912
=003  Uk
=005  20221231145305.0
=006  m\\\\||\\d\|\\\\\\
=007  cr\|||||||||||
=008  141028s2014\\\\gw\\\\\\o\\\\|1|0\0|eng\\
=040  \\$aUk$beng$cUk$erda
=245  04$aThe European Society for Computing and Technology in Anaesthesia and Intensive Care (ESCTAIC) :$ba special issue of full papers (Erlangen meeting 2011) and conference abstracts (Timisoara, meeting 2014).
=264  \1$aHeidelberg :$bSpringer,$c[2014]
=300  \\$a1 online resource (pages 435-498)
=336  \\$atext$2rdacontent
=337  \\$acomputer$2rdamedia
=338  \\$aonline resource$2rdacarrier
=490  0\$aJournal of clinical monitoring and computing,$x1387-1307 ,$vvol 28 iss 5 2014
=540  \\$aCurrent copyright fee: GBP34.95$c22\1$5Uk
=591  \\$aSelected papers. Also includes abstracts from 23rd meeting, Timisoara, Romania, October 2012.
=595  \\$aESTAR title.
=653  1\$aESCTAIC
=653  1\$aAnaesthesia
=653  1\$aIntensive care
=710  2\$aEuropean Society for Computing and Technology in Anaesthesia and Intensive Care.
=773  0\$tJournal of clinical monitoring and computing$gv. 28, issue 5 (October 2014)
=852  41$aBritish Library$bDSC$j4958.573000
=852  \\$aBritish Library$bDSC
=852  41$aBritish Library$bHMNTS$jELD Digital store
=856  \\$31850-9999$uhttp://www.springer.com/gb/$xBLDSS
=945  \\$aJournal of clinical monitoring and computing, ISSN 1387-1307 ; vol 28 iss 5 2014
=ACF  \\$aPrevious copyright fee: GBP24.21$c13\1$e01-jul-2014$fGBP24.21$g0$hP$5Uk
=ACF  \\$aPrevious copyright fee: GBP25.77$c13\1$e01-apr-2015$fGBP25.77$g0$hP$5Uk
=ACF  \\$aPrevious copyright fee: GBP26.63$c13\1$e01-jul-2015$fGBP26.63$g0$hP$5Uk
=ACF  \\$aPrevious copyright fee: GBP25.77$c13\1$e01-oct-2015$fGBP25.77$g0$hP$5Uk
=ACF  \\$aPrevious copyright fee: GBP27.55$c13\1$e01-apr-2016$fGBP27.55$g0$hP$5Uk
=ACF  \\$aPrevious copyright fee: GBP29.59$c13\1$e01-oct-2016$fGBP29.59$g0$hP$5Uk
=ACF  \\$aPrevious copyright fee: GBP31.96$c13\1$e01-apr-2017$fGBP31.96$g0$hP$5Uk
=ACF  \\$aPrevious copyright fee: GBP30.73$c13\1$e01-oct-2017$fGBP30.73$g0$hP$5Uk
=CAT  \\$a13041$b40$c20141028$lBLL01$h1429
=CAT  \\$aIPL-CLA$c20150630$lBLL01$h1723
=CAT  \\$aBATCH-UPD$b00$c20150820$lBLL01$h1754
=CAT  \\$aIPL-CLA$c20150930$lBLL01$h1853
=CAT  \\$aBATCH-UPD$b00$c20160217$lBLL01$h1641
=CAT  \\$aIPL-CLA$c20160331$lBLL01$h1817
=CAT  \\$aBATCH-UPD$b00$c20160524$lBLL01$h2200
=CAT  \\$aBATCH-UPD$b00$c20160524$lBLL01$h2245
=CAT  \\$aW1607-1323$c20160726$lBLL01$h1341
=CAT  \\$aW1607-1323$c20160810$lBLL01$h1441
=CAT  \\$aBATCH-UPD$b00$c20160824$lBLL01$h1717
=CAT  \\$aIPL-CLA$c20160930$lBLL01$h1642
=CAT  \\$aBATCH-UPD$b00$c20170216$lBLL01$h1804
=CAT  \\$aIPL-CLA$c20170331$lBLL01$h1921
=CAT  \\$aBATCH-UPD$b00$c20170904$lBLL01$h1806
=CAT  \\$aIPL-CLA$c20170929$lBLL01$h1806
=CAT  \\$aBATCH-UPD$b00$c20180223$lBLL01$h1622
=CAT  \\$aIPL-CLA$c20180331$lBLL01$h1710
=CAT  \\$aBATCH-UPD$b00$c20180524$lBLL01$h1655
=CAT  \\$aIPL-CLA$c20180630$lBLL01$h1941
=CAT  \\$aBATCH-CLA$b00$c20210817$lBLL01$h0105
=CAT  \\$aIPL-CLA$c20210930$lBLL01$h1529
=CAT  \\$aBATCH-UPD$b00$c20221121$lBLL01$h1413
=CAT  \\$aBATCH-CLA$b00$c20221122$lBLL01$h0201
=CAT  \\$aBATCH-CLA$b00$c20221122$lBLL01$h0244
=CAT  \\$aIPL-CLA$c20221231$lBLL01$h1453
=CFI  0\$aCurrent copyright fee: GBP34.95$c22\1$e01-jan-2023$fGBP34.95$g0$hP$5Uk
=CFI  2\$aPrevious copyright fee: GBP43.00$c22\1$e01-oct-2021$fGBP43.00$g0$hP$5Uk
=CNF  \\$aEuropean Society for Computing and Technology in Anaesthesia and Intensive Care (Meeting)$n(22nd :$d2011 Oct :$cErlangen, Germany)
=EST  \\$a1
=FFP  \\$aY$bBLDSS-3PM
=FIN  \\$aY$d20141028
=FMT  \\$a  BK
=LAS  \\$aIPL-CLA$b00$c20221231$lBLL01$h1453
=LKR  \\$aANA$b012433735$lBLL01$nJournal of clinical monitoring$mEuropean Society for Computing and Technology in Anaesthesia and Intensive Care (ESCTAIC)$r773$y2014$v28$i5
=TCO  \\$aCLA$bCLA$c008
=UNO  \\$aY

