=LDR  03768caa a22008897i 4500
=001  016952015
=003  Uk
=005  20221231145310.0
=006  m\\\\||\\d\|\\\\\\
=007  cr\|||||||||||
=008  141124s2007\\\\at\\\\\\o\\\\|1|0\0|eng\\
=040  \\$aUk$beng$cUk$erda
=245  00$aDrug-eluting stents under scrutiny at cardiology congress.
=264  \1$aAuckland :$bAdis Press,$c2007.
=300  \\$a1 online resource (pages 3-4)
=336  \\$atext$2rdacontent
=337  \\$acomputer$2rdamedia
=338  \\$aonline resource$2rdacarrier
=490  0\$aReactions weekly,$x0114-9954 ,$vvol 1169 issue 1 2007
=540  \\$aCurrent copyright fee: GBP34.95$c21\0$5Uk
=591  \\$aReport.
=595  \\$aESTAR title.
=653  1\$aDrug-eluting stents
=653  1\$aStents
=653  1\$aCardiology
=710  2\$aEuropean Society of Cardiology.
=773  0\$tReactions weekly$gv. 1169, issue 1 (September 2007)
=852  41$aBritish Library$bDSC$j7300.281500
=852  \\$aBritish Library$bDSC
=852  41$aBritish Library$bHMNTS$jELD Digital store
=856  \\$31850-9999$uhttp://link.springer.com/$xBLDSS
=945  \\$aReactions weekly, ISSN 0114-9954 ; vol 1169 issue 1 2007
=ACF  \\$aPrevious copyright fee: GBP30.27$c21\0$e01-jul-2014$fGBP30.27$g0$hP$5Uk
=ACF  \\$aPrevious copyright fee: GBP32.23$c21\0$e01-apr-2015$fGBP32.23$g0$hP$5Uk
=ACF  \\$aPrevious copyright fee: GBP33.30$c21\0$e01-jul-2015$fGBP33.30$g0$hP$5Uk
=ACF  \\$aPrevious copyright fee: GBP32.23$c21\0$e01-oct-2015$fGBP32.23$g0$hP$5Uk
=ACF  \\$aPrevious copyright fee: GBP34.45$c21\0$e01-apr-2016$fGBP34.45$g0$hP$5Uk
=ACF  \\$aPrevious copyright fee: GBP37.00$c21\0$e01-oct-2016$fGBP37.00$g0$hP$5Uk
=ACF  \\$aPrevious copyright fee: GBP39.96$c21\0$e01-apr-2017$fGBP39.96$g0$hP$5Uk
=ACF  \\$aPrevious copyright fee: GBP38.42$c21\0$e01-oct-2017$fGBP38.42$g0$hP$5Uk
=CAT  \\$a10934$b40$c20141124$lBLL01$h0900
=CAT  \\$aIPL-CLA$c20150331$lBLL01$h1730
=CAT  \\$aBATCH-UPD$b00$c20150520$lBLL01$h1741
=CAT  \\$aIPL-CLA$c20150630$lBLL01$h1724
=CAT  \\$aBATCH-UPD$b00$c20150820$lBLL01$h1828
=CAT  \\$aIPL-CLA$c20150930$lBLL01$h1854
=CAT  \\$aBATCH-UPD$b00$c20160217$lBLL01$h1717
=CAT  \\$aIPL-CLA$c20160331$lBLL01$h1817
=CAT  \\$aBATCH-UPD$b00$c20160518$lBLL01$h1027
=CAT  \\$aBATCH-UPD$b00$c20160524$lBLL01$h2216
=CAT  \\$aW1607-1323$c20160726$lBLL01$h1341
=CAT  \\$aW1607-1323$c20160810$lBLL01$h1442
=CAT  \\$aBATCH-UPD$b00$c20160824$lBLL01$h1745
=CAT  \\$aIPL-CLA$c20160930$lBLL01$h1642
=CAT  \\$aBATCH-UPD$b00$c20170216$lBLL01$h1833
=CAT  \\$aIPL-CLA$c20170331$lBLL01$h1921
=CAT  \\$aBATCH-UPD$b00$c20170904$lBLL01$h1841
=CAT  \\$aIPL-CLA$c20170929$lBLL01$h1807
=CAT  \\$aBATCH-UPD$b00$c20180223$lBLL01$h1659
=CAT  \\$aIPL-CLA$c20180331$lBLL01$h1710
=CAT  \\$aBATCH-UPD$b00$c20180524$lBLL01$h1705
=CAT  \\$aIPL-CLA$c20180630$lBLL01$h1941
=CAT  \\$aBATCH-UPD$b00$c20221121$lBLL01$h1352
=CAT  \\$aBATCH-CLA$b00$c20221122$lBLL01$h0159
=CAT  \\$aBATCH-CLA$b00$c20221122$lBLL01$h0244
=CAT  \\$aIPL-CLA$c20221231$lBLL01$h1453
=CFI  0\$aCurrent copyright fee: GBP34.95$c21\0$e01-jan-2023$fGBP34.95$g0$hP$5Uk
=CFI  2\$aPrevious copyright fee: GBP43.00$c21\0$e01-jul-2018$fGBP43.00$g0$hP$5Uk
=CNF  \\$aEuropean Society of Cardiology (Congress)$d(2007 Sep)
=EST  \\$a1
=FFP  \\$aY$bBLDSS-3PM
=FIN  \\$aY$d20141124
=FMT  \\$a  BK
=LAS  \\$aIPL-CLA$b00$c20221231$lBLL01$h1453
=LKR  \\$aANA$b016335950$lBLL01$nReactions weekly$mDebate on dietary supplements and cancer risk at AICR meeting$r773$y2007$v1169$i1
=TCO  \\$aNZL$bCLL$c008
=UNO  \\$aY

