=LDR  03862caa a22009017i 4500
=001  016968159
=003  Uk
=005  20221231145313.0
=006  m\\\\||\\d\|\\\\\\
=007  cr\|||||||||||
=008  141204s2014\\\\ne\\\\\\o\\\\|1|0\0|eng\\
=040  \\$aUk$beng$cUk$erda
=245  00$aCase studies on smallholder farmer voice.
=264  \1$aDordrecht :$bSpringer,$c2014.
=300  \\$a1 online resource (pages 637-681)
=336  \\$atext$2rdacontent
=337  \\$acomputer$2rdamedia
=338  \\$aonline resource$2rdacarrier
=490  0\$aAgriculture and human values,$x1572-8366 ,$vvol 31 no 4 2014
=540  \\$aCurrent copyright fee: GBP29.95$c22\1$5Uk
=591  \\$aPapers. Held at a workshop 'Can GM crops help to feed the World?'.
=595  \\$aESTAR title.
=653  1\$aSmallholder farmer
=653  1\$aFarmer voice
=653  1\$aGM crops
=653  1\$aB4FA
=710  2\$aBiosciences for Farming in Africa.
=710  2\$aJohn Templeton Foundation.
=773  0\$tAgriculture and human values$gv. 31, issue 4 (December 2014)
=852  41$aBritish Library$bDSC$j0759.530000
=852  \\$aBritish Library$bDSC
=856  \\$31850-9999$uhttp://www.springer.com/gb/$xBLDSS
=945  \\$aAgriculture and human values, ISSN 1572-8366 ; vol 31 no 4 2014
=ACF  \\$aPrevious copyright fee: GBP24.21$c13\1$e01-jul-2014$fGBP24.21$g0$hP$5Uk
=ACF  \\$aPrevious copyright fee: GBP25.77$c13\1$e01-apr-2015$fGBP25.77$g0$hP$5Uk
=ACF  \\$aPrevious copyright fee: GBP26.63$c13\1$e01-jul-2015$fGBP26.63$g0$hP$5Uk
=ACF  \\$aPrevious copyright fee: GBP25.77$c13\1$e01-oct-2015$fGBP25.77$g0$hP$5Uk
=ACF  \\$aPrevious copyright fee: GBP27.55$c13\1$e01-apr-2016$fGBP27.55$g0$hP$5Uk
=ACF  \\$aPrevious copyright fee: GBP29.59$c13\1$e01-oct-2016$fGBP29.59$g0$hP$5Uk
=ACF  \\$aPrevious copyright fee: GBP31.96$c13\1$e01-apr-2017$fGBP31.96$g0$hP$5Uk
=ACF  \\$aPrevious copyright fee: GBP30.73$c13\1$e01-oct-2017$fGBP30.73$g0$hP$5Uk
=CAT  \\$a6162$b40$c20141204$lBLL01$h1003
=CAT  \\$aIPL-CLA$c20150331$lBLL01$h1730
=CAT  \\$aBATCH-UPD$b00$c20150520$lBLL01$h1704
=CAT  \\$aIPL-CLA$c20150630$lBLL01$h1724
=CAT  \\$aBATCH-UPD$b00$c20150820$lBLL01$h1754
=CAT  \\$aIPL-CLA$c20150930$lBLL01$h1854
=CAT  \\$aBATCH-UPD$b00$c20160217$lBLL01$h1641
=CAT  \\$aIPL-CLA$c20160331$lBLL01$h1818
=CAT  \\$aBATCH-UPD$b00$c20160524$lBLL01$h2200
=CAT  \\$aBATCH-UPD$b00$c20160524$lBLL01$h2243
=CAT  \\$aW1607-1323$c20160726$lBLL01$h1341
=CAT  \\$aW1607-1323$c20160810$lBLL01$h1442
=CAT  \\$aBATCH-UPD$b00$c20160824$lBLL01$h1717
=CAT  \\$aIPL-CLA$c20160930$lBLL01$h1643
=CAT  \\$aBATCH-UPD$b00$c20170216$lBLL01$h1804
=CAT  \\$aIPL-CLA$c20170331$lBLL01$h1922
=CAT  \\$aBATCH-UPD$b00$c20170904$lBLL01$h1806
=CAT  \\$aIPL-CLA$c20170929$lBLL01$h1807
=CAT  \\$aBATCH-UPD$b00$c20180223$lBLL01$h1622
=CAT  \\$aIPL-CLA$c20180331$lBLL01$h1710
=CAT  \\$aBATCH-UPD$b00$c20180524$lBLL01$h1655
=CAT  \\$aIPL-CLA$c20180630$lBLL01$h1941
=CAT  \\$aBATCH-UPD$b00$c20221121$lBLL01$h1406
=CAT  \\$aBATCH-CLA$b00$c20221122$lBLL01$h0151
=CAT  \\$aBATCH-CLA$b00$c20221122$lBLL01$h0244
=CAT  \\$aIPL-CLA$c20221231$lBLL01$h1453
=CFI  0\$aCurrent copyright fee: GBP29.95$c22\1$e01-jan-2023$fGBP29.95$g0$hP$5Uk
=CFI  2\$aPrevious copyright fee: GBP34.00$c22\1$e01-jul-2018$fGBP34.00$g0$hP$5Uk
=CNF  \\$aCase studies on smallholder farmer voice (Symposium)$d(2013 Apr :$cCambridge)
=EST  \\$a1
=FFP  \\$aY$bBLDSS-3PM
=FIN  \\$aY$d20141204
=FMT  \\$a  BK
=LAS  \\$aIPL-CLA$b00$c20221231$lBLL01$h1453
=LKR  \\$aANA$b012431951$lBLL01$nAgriculture and human values$mCase studies on smallholder farmer voice$r773$y2014$v31$i4
=TCO  \\$aCLA$bCLA$c008
=UNO  \\$aY

