=LDR  03113caa a22007697i 4500
=001  016972300
=003  Uk
=005  20221231145314.0
=006  m\\\\||\\d\|\\\\\\
=007  cr\|||||||||||
=008  141209s2014\\\\ne\\\\\\o\\\\|1|0\0|eng\\
=040  \\$aUk$beng$cUk$erda
=245  00$aBook symposium on Homo sapiens Technologicus :$bphilosophie de la technologie contemporaine, philosophie de la sagesse contemporaine by Michel Puech Editions Le Pommier, 2008.
=264  \1$aDordrecht :$bSpringer,$c2014.
=300  \\$a1 online resource (pages 581-608)
=336  \\$atext$2rdacontent
=337  \\$acomputer$2rdamedia
=338  \\$aonline resource$2rdacarrier
=490  0\$aPhilosophy & technology,$x2210-5433 ,$vvol 27 iss 4 2014
=540  \\$aCurrent copyright fee: GBP29.95$c22\1$5Uk
=591  \\$aPapers.
=595  \\$aESTAR title.
=653  1\$aHomo sapiens technologicus
=653  1\$aTechnologie contemporaine
=653  1\$aPuech
=773  0\$tPhilosophy & technology$gv. 27, issue 4 (December 2014)
=852  41$aBritish Library$bDSC$j6464.815500
=852  \\$aBritish Library$bDSC
=856  \\$31850-9999$uhttp://link.springer.com/$xBLDSS
=945  \\$aPhilosophy & technology, ISSN 2210-5433 ; vol 27 iss 4 2014
=CAT  \\$a6162$b40$c20141209$lBLL01$h1426
=CAT  \\$aBATCH-CLA$b00$c20160525$lBLL01$h0231
=CAT  \\$aBATCH-CLA$b00$c20160526$lBLL01$h0136
=CAT  \\$aW1607-1323$c20160726$lBLL01$h1341
=CAT  \\$aBATCH-CLA$b00$c20160727$lBLL01$h0131
=CAT  \\$aW1607-1323$c20160810$lBLL01$h1442
=CAT  \\$aBATCH-CLA$b00$c20160811$lBLL01$h0137
=CAT  \\$aBATCH-UPD$b00$c20160824$lBLL01$h1750
=CAT  \\$aBATCH-CLA$b00$c20160825$lBLL01$h0140
=CAT  \\$aIPL-CLA$c20160930$lBLL01$h1643
=CAT  \\$aBATCH-UPD$b00$c20170216$lBLL01$h1837
=CAT  \\$aBATCH-CLA$b00$c20170217$lBLL01$h0154
=CAT  \\$aIPL-CLA$c20170331$lBLL01$h1922
=CAT  \\$aBATCH-UPD$b00$c20170904$lBLL01$h1846
=CAT  \\$aBATCH-CLA$b00$c20170905$lBLL01$h0141
=CAT  \\$aIPL-CLA$c20170929$lBLL01$h1807
=CAT  \\$aBATCH-UPD$b00$c20180223$lBLL01$h1706
=CAT  \\$aBATCH-CLA$b00$c20180224$lBLL01$h0323
=CAT  \\$aIPL-CLA$c20180331$lBLL01$h1711
=CAT  \\$aBATCH-UPD$b00$c20180524$lBLL01$h1709
=CAT  \\$aBATCH-CLA$b00$c20180525$lBLL01$h0135
=CAT  \\$aIPL-CLA$c20180630$lBLL01$h1941
=CAT  \\$aBATCH-UPD$b00$c20221121$lBLL01$h1406
=CAT  \\$aBATCH-CLA$b00$c20221122$lBLL01$h0215
=CAT  \\$aBATCH-CLA$b00$c20221122$lBLL01$h0244
=CAT  \\$aIPL-CLA$c20221231$lBLL01$h1453
=CFI  0\$aCurrent copyright fee: GBP29.95$c22\1$e01-jan-2023$fGBP29.95$g0$hP$5Uk
=CFI  2\$aPrevious copyright fee: GBP34.00$c22\1$e01-jul-2018$fGBP34.00$g0$hP$5Uk
=CNF  \\$aHomo sapiens technologicus (Book symposium)$d(2014)
=EST  \\$a1
=FFP  \\$aY$bBLDSS-3PM
=FIN  \\$aY$d20141209
=FMT  \\$a  BK
=LAS  \\$aIPL-CLA$b00$c20221231$lBLL01$h1453
=LKR  \\$aANA$b015761503$lBLL01$nPhilosophy & technology$mBook symposium on Homo sapiens Technologicus$r773$y2014$v27$i4
=TCO  \\$aZZZ$c008
=UNO  \\$aY

