=LDR  03804caa a22008657i 4500
=001  016983262
=003  Uk
=005  20221231145315.0
=006  m\\\\||\\d\|\\\\\\
=007  cr\|||||||||||
=008  141216s2005\\\\gw\\\\\\o\\\\|1|0\0|eng\\
=040  \\$aUk$beng$cUk$erda
=245  00$aSelected abstracts, 3rd Osteoporosis and osteoarthritis congress/OSTEO 2005, April 2005, Antalya, Turkey.
=264  \1$aHeidelberg :$bSpringer,$c2005.
=300  \\$a1 online resource (pages 2197-2199)
=336  \\$atext$2rdacontent
=337  \\$acomputer$2rdamedia
=338  \\$aonline resource$2rdacarrier
=490  0\$aOsteoporosis international,$x0937-941X ,$vvol 16 issue 12 2005
=540  \\$aCurrent copyright fee: GBP34.95$c22\1$5Uk
=591  \\$aSelected abstracts.
=595  \\$aESTAR title.
=653  1\$aOsteoporosis
=653  1\$aOsteoarthritis
=653  1\$aOSTEO
=773  0\$tOsteoporosis international$gv. 16, issue 12 (December 2005)
=852  41$aBritish Library$bHMNTS$jELD Digital store
=852  41$aBritish Library$bDSC$j6303.873500
=852  \\$aBritish Library$bDSC
=856  \\$31850-9999$uhttp://link.springer.com/$xBLDSS
=945  \\$aOsteoporosis international, ISSN 0937-941X ; vol 16 issue 12 2005
=ACF  \\$aPrevious copyright fee: GBP24.21$c22\7$e01-jul-2014$fGBP24.21$g0$hP$5Uk
=ACF  \\$aPrevious copyright fee: GBP25.77$c22\7$e01-apr-2015$fGBP25.77$g0$hP$5Uk
=ACF  \\$aPrevious copyright fee: GBP25.77$c22\7$e01-oct-2015$fGBP25.77$g0$hP$5Uk
=ACF  \\$aPrevious copyright fee: GBP27.55$c22\7$e01-apr-2016$fGBP27.55$g0$hP$5Uk
=ACF  \\$aPrevious copyright fee: GBP29.59$c22\7$e01-oct-2016$fGBP29.59$g0$hP$5Uk
=ACF  \\$aPrevious copyright fee: GBP31.96$c22\7$e01-apr-2017$fGBP31.96$g0$hP$5Uk
=ACF  \\$aPrevious copyright fee: GBP30.73$c22\7$e01-oct-2017$fGBP30.73$g0$hP$5Uk
=CAT  \\$a10934$b40$c20141216$lBLL01$h1637
=CAT  \\$aBATCH-UPD$b00$c20150820$lBLL01$h1844
=CAT  \\$aIPL-CLA$c20150930$lBLL01$h1854
=CAT  \\$aBATCH-CLA$b00$c20151113$lBLL01$h0130
=CAT  \\$aBATCH-UPD$b00$c20160217$lBLL01$h1735
=CAT  \\$aIPL-CLA$c20160331$lBLL01$h1818
=CAT  \\$aBATCH-UPD$b00$c20160520$lBLL01$h0901
=CAT  \\$aBATCH-UPD$b00$c20160524$lBLL01$h2216
=CAT  \\$aW1607-1323$c20160726$lBLL01$h1341
=CAT  \\$aW1607-1323$c20160810$lBLL01$h1442
=CAT  \\$aBATCH-UPD$b00$c20160824$lBLL01$h1802
=CAT  \\$aIPL-CLA$c20160930$lBLL01$h1643
=CAT  \\$aBATCH-UPD$b00$c20170216$lBLL01$h1850
=CAT  \\$aIPL-CLA$c20170331$lBLL01$h1922
=CAT  \\$aBATCH-UPD$b00$c20170904$lBLL01$h1900
=CAT  \\$aIPL-CLA$c20170929$lBLL01$h1807
=CAT  \\$aBATCH-UPD$b00$c20180223$lBLL01$h1733
=CAT  \\$aIPL-CLA$c20180331$lBLL01$h1711
=CAT  \\$aBATCH-UPD$b00$c20180524$lBLL01$h1720
=CAT  \\$aIPL-CLA$c20180630$lBLL01$h1941
=CAT  \\$aBATCH-CLA$b00$c20210825$lBLL01$h0119
=CAT  \\$aIPL-CLA$c20210930$lBLL01$h1529
=CAT  \\$aBATCH-UPD$b00$c20221121$lBLL01$h1413
=CAT  \\$aBATCH-CLA$b00$c20221122$lBLL01$h0140
=CAT  \\$aBATCH-CLA$b00$c20221122$lBLL01$h0244
=CAT  \\$aIPL-CLA$c20221231$lBLL01$h1453
=CFI  0\$aCurrent copyright fee: GBP34.95$c22\1$e01-jan-2023$fGBP34.95$g0$hP$5Uk
=CFI  2\$aPrevious copyright fee: GBP43.00$c22\1$e01-oct-2021$fGBP43.00$g0$hP$5Uk
=CNF  \\$aOsteoporosis and osteoarthritis (Congress)$n(3rd :$d2005 Apr :$cAntalya, Turkey)
=EST  \\$a1
=FFP  \\$aY$bBLDSS-3PM
=FIN  \\$aY$d20141216
=FMT  \\$a  BK
=LAS  \\$aIPL-CLA$b00$c20221231$lBLL01$h1453
=LKR  \\$aANA$b013093997$lBLL01$nOsteoporosis international$mSelected abstracts, 3rd Osteoporosis and osteoarthritis congress/OSTEO 2005, April 2005, Antalya, Turkey$r773$y2005$v16$i12
=TCO  \\$aCLA$bCLA$c008
=UNO  \\$aY

