=LDR  03789caa a22008657i 4500
=001  017008210
=003  Uk
=005  20221231145317.0
=006  m\\\\||\\d\|\\\\\\
=007  cr\|||||||||||
=008  150113s2015\\\\gw\\\\\\o\\\\|1|0\0|eng\\
=040  \\$aUk$beng$cUk$erda
=245  00$aReport on the Third symposium, cCMP and cUMP as new second messengers.
=264  \1$aHeidelberg :$bSpringer-Verlag,$c2015.
=300  \\$a1 online resource (pages 1-3)
=336  \\$atext$2rdacontent
=337  \\$acomputer$2rdamedia
=338  \\$aonline resource$2rdacarrier
=490  0\$aNaunyn-Schmiedeberg's archives of pharmacology,$x0028-1298 ,$vvol 388 issue 1 2015
=540  \\$aCurrent copyright fee: GBP34.95$c22\1$5Uk
=591  \\$aReport.
=595  \\$aESTAR title.
=653  1\$acCMP
=653  1\$acUMP
=653  1\$aSecond messengers
=653  1\$aCyclic monophosphate
=773  0\$tNaunyn-Schmiedeberg's archives of pharmacology$gv. 388, issue 1 (January 2015)
=852  \\$aBritish Library$bDSC$j6060.200000
=852  \\$aBritish Library$bDSC
=856  \\$31850-9999$uhttp://link.springer.com/$xBLDSS
=945  \\$aNaunyn-Schmiedeberg's archives of pharmacology, ISSN 0028-1298 ; vol 388 issue 1 2015
=ACF  \\$aPrevious copyright fee: GBP24.21$c22\3$e01-jul-2014$fGBP24.21$g0$hP$5Uk
=ACF  \\$aPrevious copyright fee: GBP25.77$c22\3$e01-apr-2015$fGBP25.77$g0$hP$5Uk
=ACF  \\$aPrevious copyright fee: GBP26.63$c22\3$e01-jul-2015$fGBP26.63$g0$hP$5Uk
=ACF  \\$aPrevious copyright fee: GBP27.55$c22\3$e01-apr-2016$fGBP27.55$g0$hP$5Uk
=ACF  \\$aPrevious copyright fee: GBP29.59$c22\3$e01-oct-2016$fGBP29.59$g0$hP$5Uk
=ACF  \\$aPrevious copyright fee: GBP31.96$c22\3$e01-apr-2017$fGBP31.96$g0$hP$5Uk
=ACF  \\$aPrevious copyright fee: GBP30.73$c22\3$e01-oct-2017$fGBP30.73$g0$hP$5Uk
=CAT  \\$a10934$b40$c20150113$lBLL01$h0947
=CAT  \\$aBATCH-UPD$b00$c20150820$lBLL01$h1840
=CAT  \\$aIPL-CLA$c20150930$lBLL01$h1854
=CAT  \\$aBATCH-UPD$b00$c20160217$lBLL01$h1730
=CAT  \\$aIPL-CLA$c20160331$lBLL01$h1818
=CAT  \\$aBATCH-UPD$b00$c20160518$lBLL01$h1229
=CAT  \\$aBATCH-CLA$b00$c20160519$lBLL01$h0114
=CAT  \\$aBATCH-UPD$b00$c20160524$lBLL01$h2216
=CAT  \\$aW1607-1323$c20160726$lBLL01$h1341
=CAT  \\$aW1607-1323$c20160810$lBLL01$h1442
=CAT  \\$aBATCH-UPD$b00$c20160824$lBLL01$h1757
=CAT  \\$aIPL-CLA$c20160930$lBLL01$h1643
=CAT  \\$aBATCH-UPD$b00$c20170216$lBLL01$h1845
=CAT  \\$aIPL-CLA$c20170331$lBLL01$h1922
=CAT  \\$aBATCH-UPD$b00$c20170904$lBLL01$h1854
=CAT  \\$aIPL-CLA$c20170929$lBLL01$h1807
=CAT  \\$aBATCH-UPD$b00$c20180223$lBLL01$h1727
=CAT  \\$aIPL-CLA$c20180331$lBLL01$h1711
=CAT  \\$aBATCH-UPD$b00$c20180524$lBLL01$h1715
=CAT  \\$aIPL-CLA$c20180630$lBLL01$h1942
=CAT  \\$aBATCH-CLA$b00$c20210824$lBLL01$h0105
=CAT  \\$aIPL-CLA$c20210930$lBLL01$h1529
=CAT  \\$aBATCH-UPD$b00$c20221121$lBLL01$h1413
=CAT  \\$aBATCH-CLA$b00$c20221122$lBLL01$h0211
=CAT  \\$aBATCH-CLA$b00$c20221122$lBLL01$h0244
=CAT  \\$aIPL-CLA$c20221231$lBLL01$h1453
=CFI  0\$aCurrent copyright fee: GBP34.95$c22\1$e01-jan-2023$fGBP34.95$g0$hP$5Uk
=CFI  2\$aPrevious copyright fee: GBP43.00$c22\1$e01-oct-2021$fGBP43.00$g0$hP$5Uk
=CNF  \\$acCMP and cUMP as new second messengers (Symposium)$n(3rd :$d2014 Oct :$cHannover, Germany)
=EST  \\$a1
=FFP  \\$aY$bBLDSS-3PM
=FIN  \\$aY$d20150113
=FMT  \\$a  BK
=LAS  \\$aIPL-CLA$b00$c20221231$lBLL01$h1453
=LKR  \\$aANA$b013090467$lBLL01$nNaunyn-Schmiedeberg's archives of pharmacology$r773$y2015$v388$i1$mReport on the Third symposium, cCMP and cUMP as new second messengers
=TCO  \\$aDEU$bVG WORT$c008
=UNO  \\$aY

