=LDR  03502caa a22008297i 4500
=001  017018466
=003  Uk
=005  20221231145320.0
=006  m\\\\||\\d\|\\\\\\
=007  cr\|||||||||||
=008  150120s2014\\\\xxu\\\\\o\\\\|1|0\0|eng\\
=040  \\$aUk$beng$cUk$erda
=245  00$aPosters presented at horizons workshop.
=264  \1$aNew York, NY. :$bSpringer Science+Business Media,$c[2014]
=300  \\$a1 online resource (pages 891-904)
=336  \\$atext$2rdacontent
=337  \\$acomputer$2rdamedia
=338  \\$aonline resource$2rdacarrier
=490  0\$aFoundations of physics,$x0015-9018 ,$vvol 44 issue 8 2014
=540  \\$aCurrent copyright fee: GBP29.95$c22\1$5Uk
=591  \\$aAbstracts.
=595  \\$aESTAR title.
=653  1\$aHorizons
=773  0\$tFoundations of physics$gv. 44, issue 8 (August 2014)
=852  41$aBritish Library$bDSC$j4025.400000
=852  \\$aBritish Library$bDSC
=856  \\$31850-9999$uhttp://link.springer.com/$xBLDSS
=945  \\$aFoundations of physics, ISSN 0015-9018 ; vol 44 issue 8 2014
=ACF  \\$aPrevious copyright fee: GBP24.21$c13\1$e01-jul-2014$fGBP24.21$g0$hP$5Uk
=ACF  \\$aPrevious copyright fee: GBP25.77$c13\1$e01-apr-2015$fGBP25.77$g0$hP$5Uk
=ACF  \\$aPrevious copyright fee: GBP26.63$c13\1$e01-jul-2015$fGBP26.63$g0$hP$5Uk
=ACF  \\$aPrevious copyright fee: GBP27.55$c13\1$e01-apr-2016$fGBP27.55$g0$hP$5Uk
=ACF  \\$aPrevious copyright fee: GBP29.59$c13\1$e01-oct-2016$fGBP29.59$g0$hP$5Uk
=ACF  \\$aPrevious copyright fee: GBP31.96$c13\1$e01-apr-2017$fGBP31.96$g0$hP$5Uk
=ACF  \\$aPrevious copyright fee: GBP30.73$c13\1$e01-oct-2017$fGBP30.73$g0$hP$5Uk
=CAT  \\$a10997$b40$c20150120$lBLL01$h1217
=CAT  \\$aBATCH-UPD$b00$c20150820$lBLL01$h1754
=CAT  \\$aIPL-CLA$c20150930$lBLL01$h1854
=CAT  \\$aBATCH-UPD$b00$c20160217$lBLL01$h1641
=CAT  \\$aIPL-CLA$c20160331$lBLL01$h1818
=CAT  \\$aBATCH-UPD$b00$c20160519$lBLL01$h1033
=CAT  \\$aBATCH-CLA$b00$c20160520$lBLL01$h0112
=CAT  \\$aBATCH-UPD$b00$c20160524$lBLL01$h2200
=CAT  \\$aW1607-1323$c20160726$lBLL01$h1341
=CAT  \\$aBATCH-CLA$b00$c20160727$lBLL01$h0131
=CAT  \\$aW1607-1323$c20160810$lBLL01$h1442
=CAT  \\$aBATCH-CLA$b00$c20160811$lBLL01$h0136
=CAT  \\$aBATCH-UPD$b00$c20160824$lBLL01$h1717
=CAT  \\$aIPL-CLA$c20160930$lBLL01$h1643
=CAT  \\$aBATCH-UPD$b00$c20170216$lBLL01$h1804
=CAT  \\$aIPL-CLA$c20170331$lBLL01$h1922
=CAT  \\$aBATCH-UPD$b00$c20170904$lBLL01$h1806
=CAT  \\$aIPL-CLA$c20170929$lBLL01$h1807
=CAT  \\$aBATCH-UPD$b00$c20180223$lBLL01$h1622
=CAT  \\$aIPL-CLA$c20180331$lBLL01$h1711
=CAT  \\$aBATCH-UPD$b00$c20180524$lBLL01$h1655
=CAT  \\$aIPL-CLA$c20180630$lBLL01$h1942
=CAT  \\$aBATCH-UPD$b00$c20221121$lBLL01$h1406
=CAT  \\$aBATCH-CLA$b00$c20221122$lBLL01$h0146
=CAT  \\$aBATCH-CLA$b00$c20221122$lBLL01$h0244
=CAT  \\$aIPL-CLA$c20221231$lBLL01$h1453
=CFI  0\$aCurrent copyright fee: GBP29.95$c22\1$e01-jan-2023$fGBP29.95$g0$hP$5Uk
=CFI  2\$aPrevious copyright fee: GBP34.00$c22\1$e01-jul-2018$fGBP34.00$g0$hP$5Uk
=CNF  \\$aHorizons workshop$d(2014)
=EST  \\$a1
=FFP  \\$aY$bBLDSS-3PM
=FIN  \\$aY$d20150120
=FMT  \\$a  BK
=LAS  \\$aIPL-CLA$b00$c20221231$lBLL01$h1453
=LKR  \\$aANA$b012433035$lBLL01$nFoundations of physics$mPosters presented at horizons workshop$r773$y2014$v44$i3
=TCO  \\$aTRS$bCCC$c008
=UNO  \\$aY

