=LDR  03633caa a22008657i 4500
=001  017035764
=003  Uk
=005  20221231145322.0
=006  m\\\\||\\d\|\\\\\\
=007  cr\|||||||||||
=008  150203s2015\\\\gw\\\\\\o\\\\|1|0\0|eng\\
=040  \\$aUk$beng$cUk$erda
=245  00$aSociety of Skeletal Radiology 2014 annual meeting summary.
=264  \1$aHeidelberg :$bSpringer-Verlag GmbH,$c2015.
=300  \\$a1 online resource (pages 313-317)
=336  \\$atext$2rdacontent
=337  \\$acomputer$2rdamedia
=338  \\$aonline resource$2rdacarrier
=490  0\$aSkeletal radiology,$x0364-2348 ,$vvol 44 issue 3 2015
=540  \\$aCurrent copyright fee: GBP34.95$c22\1$5Uk
=591  \\$aReport.
=595  \\$aESTAR title.
=653  1\$aSkeletal radiology
=653  1\$aRadiology
=653  1\$aSSR
=710  2\$aSociety of Skeletal Radiology.
=773  0\$tSkeletal radiology$gv. 44, issue 3 (March 2015)
=852  41$aBritish Library$bDSC$j8295.200000
=852  \\$aBritish Library$bDSC
=852  41$aBritish Library$bHMNTS$jELD Digital store
=856  \\$31850-9999$uhttp://link.springer.com$xBLDSS
=945  \\$aSkeletal radiology, ISSN 0364-2348 ; vol 44 issue 3 2015
=ACF  \\$aPrevious copyright fee: GBP25.77$c22\3$e01-apr-2015$fGBP25.77$g0$hP$5Uk
=ACF  \\$aPrevious copyright fee: GBP25.77$c22\3$e01-oct-2015$fGBP25.77$g0$hP$5Uk
=ACF  \\$aPrevious copyright fee: GBP27.55$c22\3$e01-apr-2016$fGBP27.55$g0$hP$5Uk
=ACF  \\$aPrevious copyright fee: GBP29.59$c22\3$e01-oct-2016$fGBP29.59$g0$hP$5Uk
=ACF  \\$aPrevious copyright fee: GBP31.96$c22\3$e01-apr-2017$fGBP31.96$g0$hP$5Uk
=ACF  \\$aPrevious copyright fee: GBP30.73$c22\3$e01-oct-2017$fGBP30.73$g0$hP$5Uk
=CAT  \\$a10934$b40$c20150203$lBLL01$h1535
=CAT  \\$aBATCH-UPD$b00$c20150820$lBLL01$h1840
=CAT  \\$aIPL-CLA$c20150930$lBLL01$h1854
=CAT  \\$aBATCH-CLA$b00$c20151017$lBLL01$h0128
=CAT  \\$aBATCH-UPD$b00$c20160217$lBLL01$h1730
=CAT  \\$aIPL-CLA$c20160331$lBLL01$h1818
=CAT  \\$aBATCH-UPD$b00$c20160524$lBLL01$h2216
=CAT  \\$aBATCH-UPD$b00$c20160525$lBLL01$h0020
=CAT  \\$aW1607-1323$c20160726$lBLL01$h1341
=CAT  \\$aW1607-1323$c20160810$lBLL01$h1442
=CAT  \\$aBATCH-UPD$b00$c20160824$lBLL01$h1757
=CAT  \\$aIPL-CLA$c20160930$lBLL01$h1643
=CAT  \\$aBATCH-UPD$b00$c20170216$lBLL01$h1845
=CAT  \\$aIPL-CLA$c20170331$lBLL01$h1922
=CAT  \\$aBATCH-UPD$b00$c20170904$lBLL01$h1854
=CAT  \\$aIPL-CLA$c20170929$lBLL01$h1807
=CAT  \\$aBATCH-UPD$b00$c20180223$lBLL01$h1727
=CAT  \\$aIPL-CLA$c20180331$lBLL01$h1711
=CAT  \\$aBATCH-UPD$b00$c20180524$lBLL01$h1715
=CAT  \\$aIPL-CLA$c20180630$lBLL01$h1942
=CAT  \\$aBATCH-CLA$b00$c20210825$lBLL01$h0119
=CAT  \\$aIPL-CLA$c20210930$lBLL01$h1529
=CAT  \\$aBATCH-UPD$b00$c20221121$lBLL01$h1413
=CAT  \\$aBATCH-CLA$b00$c20221122$lBLL01$h0158
=CAT  \\$aBATCH-CLA$b00$c20221122$lBLL01$h0244
=CAT  \\$aIPL-CLA$c20221231$lBLL01$h1453
=CFI  0\$aCurrent copyright fee: GBP34.95$c22\1$e01-jan-2023$fGBP34.95$g0$hP$5Uk
=CFI  2\$aPrevious copyright fee: GBP43.00$c22\1$e01-oct-2021$fGBP43.00$g0$hP$5Uk
=CNF  \\$aSociety of Skeletal Radiology (Annual meeting)$n(37th :$d2014 Mar :$cSan Diego, CA)
=EST  \\$a1
=FFP  \\$aY$bBLDSS-3PM
=FIN  \\$aY$d20150203
=FMT  \\$a  BK
=LAS  \\$aIPL-CLA$b00$c20221231$lBLL01$h1453
=LKR  \\$aANA$b013095904$lBLL01$nSkeletal radiology$mSociety of Skeletal Radiology 2014 annual meeting summary$r773$y2015$v44$i3
=TCO  \\$aDEU$bVG WORT$c008
=UNO  \\$aY

