=LDR  03816caa a22008897i 4500
=001  017048149
=003  Uk
=005  20221231145324.0
=006  m\\\\||\\d\|\\\\\\
=007  cr\|||||||||||
=008  150210s2015\\\\xxu\\\\\o\\\\|1|0\0|eng\\
=040  \\$aUk$beng$cUk$erda
=245  04$aThe 2014 Society of Surgical Oncology Susan G. Komen for the Cure Symposium :$bTriple-Negative Breast Cancer.
=264  \1$aNew York :$bSpringer, US,$c2015.
=300  \\$a1 online resource (pages 874-882)
=336  \\$atext$2rdacontent
=337  \\$acomputer$2rdamedia
=338  \\$aonline resource$2rdacarrier
=490  0\$aAnnals of surgical oncology,$x1068-9265 ,$vvol 22 iss 3 2015
=540  \\$aCurrent copyright fee: GBP34.95$c22\1$5Uk
=591  \\$aReports. Also known as SSO.
=595  \\$aESTAR title.
=653  1\$aSurgical oncology
=653  1\$aSSO
=653  1\$aKomen
=653  1\$aTriple-negative breast cancer
=653  1\$aBreast cancer
=710  2\$aSociety of Surgical Oncology (U.S.)
=773  0\$tAnnals of surgical oncology$gv. 22, issue 3 (March 2015)
=852  41$aBritish Library$bDSC$j1044.550000
=852  \\$aBritish Library$bDSC
=856  \\$31850-9999$uhttp://link.springer.com$xBLDSS
=945  \\$aAnnals of surgical oncology, ISSN 1068-9265 ; vol 22 iss 3 2015
=ACF  \\$aPrevious copyright fee: GBP25.77$c22\8$e01-apr-2015$fGBP25.77$g0$hP$5Uk
=ACF  \\$aPrevious copyright fee: GBP26.63$c22\8$e01-jul-2015$fGBP26.63$g0$hP$5Uk
=ACF  \\$aPrevious copyright fee: GBP25.77$c22\8$e01-oct-2015$fGBP25.77$g0$hP$5Uk
=ACF  \\$aPrevious copyright fee: GBP27.55$c22\8$e01-apr-2016$fGBP27.55$g0$hP$5Uk
=ACF  \\$aPrevious copyright fee: GBP29.59$c22\8$e01-oct-2016$fGBP29.59$g0$hP$5Uk
=ACF  \\$aPrevious copyright fee: GBP31.96$c22\8$e01-apr-2017$fGBP31.96$g0$hP$5Uk
=ACF  \\$aPrevious copyright fee: GBP30.73$c22\8$e01-oct-2017$fGBP30.73$g0$hP$5Uk
=CAT  \\$a6162$b40$c20150210$lBLL01$h1449
=CAT  \\$aIPL-CLA$c20150630$lBLL01$h1724
=CAT  \\$aBATCH-UPD$b00$c20150820$lBLL01$h1847
=CAT  \\$aIPL-CLA$c20150930$lBLL01$h1854
=CAT  \\$aBATCH-UPD$b00$c20160217$lBLL01$h1738
=CAT  \\$aIPL-CLA$c20160331$lBLL01$h1818
=CAT  \\$aBATCH-UPD$b00$c20160524$lBLL01$h2216
=CAT  \\$aBATCH-UPD$b00$c20160525$lBLL01$h0017
=CAT  \\$aW1607-1323$c20160726$lBLL01$h1341
=CAT  \\$aW1607-1323$c20160810$lBLL01$h1442
=CAT  \\$aBATCH-UPD$b00$c20160824$lBLL01$h1805
=CAT  \\$aIPL-CLA$c20160930$lBLL01$h1643
=CAT  \\$aBATCH-UPD$b00$c20170216$lBLL01$h1853
=CAT  \\$aIPL-CLA$c20170331$lBLL01$h1922
=CAT  \\$aBATCH-UPD$b00$c20170904$lBLL01$h1903
=CAT  \\$aIPL-CLA$c20170929$lBLL01$h1807
=CAT  \\$aBATCH-UPD$b00$c20180223$lBLL01$h1736
=CAT  \\$aIPL-CLA$c20180331$lBLL01$h1711
=CAT  \\$aBATCH-UPD$b00$c20180524$lBLL01$h1723
=CAT  \\$aIPL-CLA$c20180630$lBLL01$h1942
=CAT  \\$aBATCH-CLA$b00$c20210811$lBLL01$h0117
=CAT  \\$aIPL-CLA$c20210930$lBLL01$h1529
=CAT  \\$aBATCH-UPD$b00$c20221121$lBLL01$h1413
=CAT  \\$aBATCH-CLA$b00$c20221122$lBLL01$h0154
=CAT  \\$aBATCH-CLA$b00$c20221122$lBLL01$h0244
=CAT  \\$aIPL-CLA$c20221231$lBLL01$h1453
=CFI  0\$aCurrent copyright fee: GBP34.95$c22\1$e01-jan-2023$fGBP34.95$g0$hP$5Uk
=CFI  2\$aPrevious copyright fee: GBP43.00$c22\1$e01-oct-2021$fGBP43.00$g0$hP$5Uk
=CNF  \\$aCancer (Annual symposium)$n(67th :$d2014 Mar :$cPhoenix, AZ)
=EST  \\$a1
=FFP  \\$aY$bBLDSS-3PM
=FIN  \\$aY$d20150210
=FMT  \\$a  BK
=LAS  \\$aIPL-CLA$b00$c20221231$lBLL01$h1453
=LKR  \\$aANA$b013089323$lBLL01$nAnnals of surgical oncology$mThe 2014 Society of Surgical Oncology Susan G. Komen for the Cure Symposium$r773$y2015$v22$i1
=TCO  \\$aTRS$bCCC$c008
=UNO  \\$aY

