=LDR  03884caa a22009137i 4500
=001  017066367
=003  Uk
=005  20221231145324.0
=006  m\\\\||\\d\|\\\\\\
=007  cr\|||||||||||
=008  150211s2014\\\\gw\\\\\\o\\\\|1|0\0|eng\\
=040  \\$aUk$beng$cUk$erda
=245  00$aSpecial Issue of the ECML/PKDD 2014 Journal Track /$cguest editors: Toon Calders, Floriana Esposito, Eyke Hüllermeier, Rosa Meo.
=264  \1$aHeidelberg :$bSpringer-Verlag GmbH,$c[2014]
=300  \\$a1 online resource (pages 1-226)
=336  \\$atext$2rdacontent
=337  \\$acomputer$2rdamedia
=338  \\$aonline resource$2rdacarrier
=490  0\$aMachine learning -Boston-,$x0885-6125 ,$vvol 97 iss 1-2 2014
=540  \\$aCurrent copyright fee: GBP29.95$c22\1$5Uk
=591  \\$aSelected papers.
=595  \\$aESTAR title.
=653  1\$aECML PKDD
=653  1\$aPKDD
=653  1\$aMachine learning
=653  1\$aKnowledge discovery
=653  1\$aDatabases
=700  1\$aCalders, Toon,$eeditor.
=700  1\$aEsposito, Floriana,$eeditor.
=700  1\$aHüllermeier, Eyke,$eeditor.
=700  1\$aMeo, Rosa,$eeditor.
=773  0\$tMachine learning$gv. 97, issue 1-2 (October 2014)
=852  41$aBritish Library$bDSC$j5323.870000
=852  \\$aBritish Library$bDSC
=856  \\$31850-9999$uhttp://link.springer.com$xBLDSS
=945  \\$aMachine learning -Boston-, ISSN 0885-6125 ; vol 97 iss 1-2 2014
=ACF  \\$aPrevious copyright fee: GBP26.63$c4\5$e01-jul-2015$fGBP26.63$g0$hP$5Uk
=ACF  \\$aPrevious copyright fee: GBP25.77$c4\5$e01-oct-2015$fGBP25.77$g0$hP$5Uk
=ACF  \\$aPrevious copyright fee: GBP27.55$c4\5$e01-apr-2016$fGBP27.55$g0$hP$5Uk
=ACF  \\$aPrevious copyright fee: GBP29.59$c4\5$e01-oct-2016$fGBP29.59$g0$hP$5Uk
=ACF  \\$aPrevious copyright fee: GBP31.96$c4\5$e01-apr-2017$fGBP31.96$g0$hP$5Uk
=ACF  \\$aPrevious copyright fee: GBP30.73$c4\5$e01-oct-2017$fGBP30.73$g0$hP$5Uk
=CAT  \\$a13041$b40$c20150211$lBLL01$h1400
=CAT  \\$aBATCH-CLA$b00$c20150523$lBLL01$h0055
=CAT  \\$aIPL-CLA$c20150630$lBLL01$h1724
=CAT  \\$aBATCH-UPD$b00$c20150820$lBLL01$h2003
=CAT  \\$aBATCH-CLA$b00$c20150923$lBLL01$h0157
=CAT  \\$aIPL-CLA$c20150930$lBLL01$h1854
=CAT  \\$aBATCH-UPD$b00$c20160217$lBLL01$h1901
=CAT  \\$aIPL-CLA$c20160331$lBLL01$h1818
=CAT  \\$aBATCH-UPD$b00$c20160524$lBLL01$h2200
=CAT  \\$aBATCH-UPD$b00$c20160524$lBLL01$h2246
=CAT  \\$aW1607-1323$c20160726$lBLL01$h1341
=CAT  \\$aW1607-1323$c20160810$lBLL01$h1442
=CAT  \\$aBATCH-UPD$b00$c20160824$lBLL01$h1922
=CAT  \\$aIPL-CLA$c20160930$lBLL01$h1643
=CAT  \\$aBATCH-UPD$b00$c20170216$lBLL01$h2009
=CAT  \\$aIPL-CLA$c20170331$lBLL01$h1922
=CAT  \\$aBATCH-UPD$b00$c20170904$lBLL01$h2042
=CAT  \\$aIPL-CLA$c20170929$lBLL01$h1807
=CAT  \\$aBATCH-UPD$b00$c20180223$lBLL01$h1940
=CAT  \\$aIPL-CLA$c20180331$lBLL01$h1711
=CAT  \\$aBATCH-UPD$b00$c20180524$lBLL01$h1813
=CAT  \\$aIPL-CLA$c20180630$lBLL01$h1942
=CAT  \\$aBATCH-UPD$b00$c20221121$lBLL01$h1406
=CAT  \\$aBATCH-CLA$b00$c20221122$lBLL01$h0205
=CAT  \\$aBATCH-CLA$b00$c20221122$lBLL01$h0244
=CAT  \\$aIPL-CLA$c20221231$lBLL01$h1453
=CFI  0\$aCurrent copyright fee: GBP29.95$c22\1$e01-jan-2023$fGBP29.95$g0$hP$5Uk
=CFI  2\$aPrevious copyright fee: GBP34.00$c22\1$e01-jul-2018$fGBP34.00$g0$hP$5Uk
=CNF  \\$aMachine learning and principles and practice of knowledge discovery in databases (European conference)$d(2014 Sep :$cNancy, France)
=EST  \\$a1
=FFP  \\$aY$bBLDSS-3PM
=FIN  \\$aY$d20150211
=FMT  \\$a  BK
=LAS  \\$aIPL-CLA$b00$c20221231$lBLL01$h1453
=LKR  \\$aANA$b012434309$lBLL01$nMachine learning$r773$y2014$v97$i1/2$mSpecial Issue of the ECML/PKDD 2014 Journal Track /
=TCO  \\$aTRS$bCCC$c008
=UNO  \\$aY

