=LDR  03343caa a22008177i 4500
=001  017074946
=003  Uk
=005  20221231145326.0
=006  m\\\\||\\d\|\\\\\\
=007  cr\|||||||||||
=008  150218s2015\\\\gw\\\\\\o\\\\|1|0\0|eng\\
=040  \\$aUk$beng$cUk$erda
=245  00$aCommunications of the European Society for Child and Adolescent Psychiatry.
=264  \1$aHeidelberg :$bSpringer,$c[2015]
=300  \\$a1 online resource (pages 247-248)
=336  \\$atext$2rdacontent
=337  \\$acomputer$2rdamedia
=338  \\$aonline resource$2rdacarrier
=490  0\$aEuropean child & adolescent psychiatry,$x1018-8827 ,$vvol 24 issue 2 2015
=540  \\$aCurrent copyright fee: GBP34.95$c22\1$5Uk
=591  \\$aReport. Also known as YICAP/ECAP.
=595  \\$aESTAR title.
=653  1\$aAdolescent psychiatry
=653  1\$aPsychiatry
=653  1\$aESCAP
=653  1\$aYICAP
=653  2\$aChild psychiatry
=710  2\$aEuropean Society of Child and Adolescent Psychiatry.
=773  0\$tEuropean child & adolescent psychiatry$gv. 24, issue 2 (February 2015)
=852  41$aBritish Library$bDSC$j3829.600600
=852  \\$aBritish Library$bDSC
=852  41$aBritish Library$bHMNTS$jELD Digital store
=856  \\$31850-9999$uhttp://link.springer.com$xBLDSS
=945  \\$aEuropean child & adolescent psychiatry, ISSN 1018-8827 ; vol 24 issue 2 2015
=CAT  \\$a10997$b40$c20150218$lBLL01$h1437
=CAT  \\$aW1607-1323$c20160726$lBLL01$h1341
=CAT  \\$aBATCH-CLA$b00$c20160727$lBLL01$h0131
=CAT  \\$aW1607-1323$c20160810$lBLL01$h1442
=CAT  \\$aBATCH-CLA$b00$c20160811$lBLL01$h0136
=CAT  \\$aBATCH-UPD$b00$c20160824$lBLL01$h1816
=CAT  \\$aBATCH-CLA$b00$c20160825$lBLL01$h0136
=CAT  \\$aIPL-CLA$c20160930$lBLL01$h1643
=CAT  \\$aBATCH-UPD$b00$c20170216$lBLL01$h1904
=CAT  \\$aBATCH-CLA$b00$c20170217$lBLL01$h0149
=CAT  \\$aIPL-CLA$c20170331$lBLL01$h1922
=CAT  \\$aBATCH-UPD$b00$c20170904$lBLL01$h1916
=CAT  \\$aBATCH-CLA$b00$c20170905$lBLL01$h0134
=CAT  \\$aIPL-CLA$c20170929$lBLL01$h1807
=CAT  \\$aBATCH-UPD$b00$c20180223$lBLL01$h1748
=CAT  \\$aBATCH-CLA$b00$c20180224$lBLL01$h0315
=CAT  \\$aIPL-CLA$c20180331$lBLL01$h1711
=CAT  \\$aBATCH-UPD$b00$c20180524$lBLL01$h1733
=CAT  \\$aBATCH-CLA$b00$c20180525$lBLL01$h0132
=CAT  \\$aIPL-CLA$c20180630$lBLL01$h1942
=CAT  \\$aBATCH-CLA$b00$c20210812$lBLL01$h0107
=CAT  \\$aIPL-CLA$c20210930$lBLL01$h1529
=CAT  \\$aBATCH-UPD$b00$c20221121$lBLL01$h1413
=CAT  \\$aBATCH-CLA$b00$c20221122$lBLL01$h0143
=CAT  \\$aBATCH-CLA$b00$c20221122$lBLL01$h0244
=CAT  \\$aIPL-CLA$c20221231$lBLL01$h1453
=CFI  0\$aCurrent copyright fee: GBP34.95$c22\1$e01-jan-2023$fGBP34.95$g0$hP$5Uk
=CFI  2\$aPrevious copyright fee: GBP43.00$c22\1$e01-oct-2021$fGBP43.00$g0$hP$5Uk
=CNF  \\$aInternational young investigators paper and grant writing workshop$d(2014 Sep :$cRees, Germany)
=EST  \\$a1
=FFP  \\$aY$bBLDSS-3PM
=FIN  \\$aY$d20150218
=FMT  \\$a  BK
=LAS  \\$aIPL-CLA$b00$c20221231$lBLL01$h1453
=LKR  \\$aANA$b013111706$lBLL01$nEuropean child & adolescent psychiatry$mCommunications of the European Society for Child and Adolescent Psychiatry$r773$y2015$v24$i2
=TCO  \\$aCAN$bAccess$c008
=UNO  \\$aY

