=LDR  03705caa a22008777i 4500
=001  017109654
=003  Uk
=005  20221231145328.0
=006  m\\\\||\\d\|\\\\\\
=007  cr\|||||||||||
=008  150311s2005\\\\gw\\\\\\o\\\\|1|0\0|eng\\
=040  \\$aUk$beng$cUk$erda
=245  00$aJoint BMLA and Lasercare meeting :$b10-11 November 2005, City Hospital, Birmingham, UK : abstracts.
=264  \1$aHeidelberg :$bSpringer,$c[2005]
=300  \\$a1 online resource (pages D1-D22)
=336  \\$atext$2rdacontent
=337  \\$acomputer$2rdamedia
=338  \\$aonline resource$2rdacarrier
=490  0\$aLASERS IN MEDICAL SCIENCE,$x0268-8921 ,$vvol 20 issue 3/4 2005
=540  \\$aCurrent copyright fee: GBP34.95$c22\1$5Uk
=591  \\$aAbstracts and programme.
=595  \\$aESTAR title.
=653  1\$aBMLA
=653  1\$aLasercare
=653  1\$aMedical laser
=653  1\$aLaser
=710  2\$aBritish Medical Laser Association.
=773  0\$tLasers in medical science$gv. 20, issue 3-4 (December 2005)
=852  41$aBritish Library$bHMNTS$jELD Digital store
=852  41$aBritish Library$bDSC$j5156.680800
=852  \\$aBritish Library$bDSC
=856  \\$31850-9999$uhttp://link.springer.com$xBLDSS
=945  \\$aLASERS IN MEDICAL SCIENCE, ISSN 0268-8921 ; vol 20 issue 3/4 2005
=ACF  \\$aPrevious copyright fee: GBP25.77$c22\7$e01-apr-2015$fGBP25.77$g0$hP$5Uk
=ACF  \\$aPrevious copyright fee: GBP25.77$c22\7$e01-oct-2015$fGBP25.77$g0$hP$5Uk
=ACF  \\$aPrevious copyright fee: GBP27.55$c22\7$e01-apr-2016$fGBP27.55$g0$hP$5Uk
=ACF  \\$aPrevious copyright fee: GBP29.59$c22\7$e01-oct-2016$fGBP29.59$g0$hP$5Uk
=ACF  \\$aPrevious copyright fee: GBP31.96$c22\7$e01-apr-2017$fGBP31.96$g0$hP$5Uk
=ACF  \\$aPrevious copyright fee: GBP30.73$c22\7$e01-oct-2017$fGBP30.73$g0$hP$5Uk
=CAT  \\$a10934$b40$c20150311$lBLL01$h0854
=CAT  \\$aBATCH-UPD$b00$c20150820$lBLL01$h1844
=CAT  \\$aIPL-CLA$c20150930$lBLL01$h1855
=CAT  \\$aBATCH-CLA$b00$c20151027$lBLL01$h0138
=CAT  \\$aBATCH-UPD$b00$c20160217$lBLL01$h1735
=CAT  \\$aIPL-CLA$c20160331$lBLL01$h1819
=CAT  \\$aBATCH-UPD$b00$c20160524$lBLL01$h2216
=CAT  \\$aBATCH-UPD$b00$c20160525$lBLL01$h0021
=CAT  \\$aW1607-1323$c20160726$lBLL01$h1341
=CAT  \\$aW1607-1323$c20160810$lBLL01$h1442
=CAT  \\$aBATCH-UPD$b00$c20160824$lBLL01$h1802
=CAT  \\$aIPL-CLA$c20160930$lBLL01$h1643
=CAT  \\$aBATCH-UPD$b00$c20170216$lBLL01$h1850
=CAT  \\$aIPL-CLA$c20170331$lBLL01$h1922
=CAT  \\$aBATCH-UPD$b00$c20170904$lBLL01$h1900
=CAT  \\$aIPL-CLA$c20170929$lBLL01$h1808
=CAT  \\$aBATCH-UPD$b00$c20180223$lBLL01$h1733
=CAT  \\$aIPL-CLA$c20180331$lBLL01$h1711
=CAT  \\$aBATCH-UPD$b00$c20180524$lBLL01$h1720
=CAT  \\$aIPL-CLA$c20180630$lBLL01$h1942
=CAT  \\$aBATCH-CLA$b00$c20210824$lBLL01$h0105
=CAT  \\$aIPL-CLA$c20210930$lBLL01$h1529
=CAT  \\$aBATCH-UPD$b00$c20221121$lBLL01$h1413
=CAT  \\$aBATCH-CLA$b00$c20221122$lBLL01$h0136
=CAT  \\$aBATCH-CLA$b00$c20221122$lBLL01$h0244
=CAT  \\$aIPL-CLA$c20221231$lBLL01$h1453
=CFI  0\$aCurrent copyright fee: GBP34.95$c22\1$e01-jan-2023$fGBP34.95$g0$hP$5Uk
=CFI  2\$aPrevious copyright fee: GBP43.00$c22\1$e01-oct-2021$fGBP43.00$g0$hP$5Uk
=CNF  \\$aBritish Medical Laser Association (Joint meeting)$d(2005 Nov :$cBirmingham)
=EST  \\$a1
=FFP  \\$aY$bBLDSS-3PM
=FIN  \\$aY$d20150311
=FMT  \\$a  BK
=LAS  \\$aIPL-CLA$b00$c20221231$lBLL01$h1453
=LKR  \\$aANA$b013103540$lBLL01$nLasers in medical science$r773$y2005$v20$i3/4$mJoint BMLA and Lasercare meeting
=TCO  \\$aCLA$bCLA$c008
=UNO  \\$aY

