=LDR  02502cas a2200661 a 4500
=001  015759803
=003  Uk
=005  20230511163023.0
=006  m\\\\\\\\d\\\\\\\\
=007  cr\|||||||||||
=008  110224c\\\\9999\\\\\\p\s\\\\\0\\\a0eng\\
=022  \\$a2090-4762$y0378-603X
=040  \\$aUk$beng$cUk
=082  04$a606.075$221
=245  00$aEgyptian journal of radiology and nuclear medicine$h[electronic resource].
=260  \\$bElsevier
=336  \\$atext$2rdacontent
=337  \\$acomputer$2rdamedia
=338  \\$aonline resource$2rdacarrier
=538  \\$aMode of access: World Wide Web.
=540  \\$aCurrent copyright fee: zero$c22\1$5Uk
=595  \\$aDSC Print Copy Not Selected
=852  41$aBritish Library$bDSC
=856  \\$31850-9999$uhttp://www.elsevier.com/journals$xBLDSS
=945  \\$aEGYPTIAN JOURNAL OF RADIOLOGY AND NUCLEAR MEDICINE
=959  \\$fHeld but not currently received
=979  \\$aBritish Library$bDSC$j3664.419050N
=ACF  \\$aPrevious copyright fee: zero$c5\1$e06-may-2016$fGBP0.00$g0$hP$5Uk
=ACF  \\$aPrevious copyright fee: GBP22.50$c5\1$e01-jan-2013$fGBP22.50$g0$hP$5Uk
=ACF  \\$aPrevious copyright fee: GBP21.00$c5\1$e01-jan-2012$fGBP21.00$g0$hP$5Uk
=ACF  \\$aPrevious copyright fee: GBP20.00$c5\1$e22-feb-2011$fGBP20.00$g0$hP$5Uk
=CAT  \\$a12654$b40$c20110224$lBLL01$h0943
=CAT  \\$a12654$b40$c20110224$lBLL01$h1458
=CAT  \\$aBATCH-UPD$b40$c20111123$lBLL01$h1854
=CAT  \\$aIPL-CLA$c20111230$lBLL01$h2036
=CAT  \\$aBATCH-UPD$b00$c20121121$lBLL01$h1659
=CAT  \\$aIPL-CLA$c20121231$lBLL01$h1330
=CAT  \\$aIPL-CLA$c20130102$lBLL01$h1806
=CAT  \\$aBLDSS-3PM$b00$c20141222$lBLL01$h1720
=CAT  \\$a5552$b40$c20160208$lBLL01$h1354
=CAT  \\$a5552$b40$c20160506$lBLL01$h1535
=CAT  \\$a6490$b40$c20170302$lBLL01$h1355
=CAT  \\$a5410$b40$c20180612$lBLL01$h1125
=CAT  \\$a12654$b40$c20190416$lBLL01$h1039
=CAT  \\$aBATCH-UPD$b40$c20190416$lBLL01$h2346
=CAT  \\$a12654$b40$c20190812$lBLL01$h0902
=CAT  \\$a5410$b40$c20190814$lBLL01$h1300
=CAT  \\$aBATCH-FIX$c20230511$lBLL01$h1630
=CFI  0\$aCurrent copyright fee: zero$c22\1$e12-aug-2019$fGBP0.00$g0$hP$5Uk
=CFI  2\$aPrevious copyright fee: GBP34.00$c22\1$e16-apr-2019$fGBP34.00$g0$hP$5Uk
=EST  \\$a1
=FFP  \\$aY$bBLDSS-3PM
=FMT  \\$a  SE
=LAS  \\$aBATCH-FIX$b00$c20230511$lBLL01$h1630
=MNI  \\$a0378-603X
=TCO  \\$aZZZ$c008
=TOC  \\$aETOC
=UNO  \\$aY

