=LDR  02000cas a2200553 a 4500
=001  015759924
=003  Uk
=005  20230511163023.0
=006  m\\\\\\\\d\\\\\\\\
=007  cr\|||||||||||
=008  110224c\\\\9999\\\\\\p\s\\\\\0\\\a0eng\\
=022  \\$a2090-4495$y2090-4479
=040  \\$aUk$beng$cUk
=245  00$aAin Shams Engineering Journal$h[electronic resource].
=260  \\$bElsevier
=336  \\$atext$2rdacontent
=337  \\$acomputer$2rdamedia
=338  \\$aonline resource$2rdacarrier
=538  \\$aMode of access: World Wide Web.
=540  \\$aCurrent copyright fee: zero$c5\1$5Uk
=852  41$aBritish Library$bDSC
=856  \\$31850-9999$uhttp://www.elsevier.com/journals$xBLDSS
=945  \\$aAin Shams Engineering Journal
=959  \\$fHeld but not currently received
=979  \\$aBritish Library$bDSC$j0773.303050N
=ACF  \\$aPrevious copyright fee: GBP21.00$c5\1$e01-jan-2012$fGBP21.00$g0$hP$5Uk
=ACF  \\$aPrevious copyright fee: GBP20.00$c5\1$e22-feb-2011$fGBP20.00$g0$hP$5Uk
=CAT  \\$a12654$b40$c20110224$lBLL01$h1252
=CAT  \\$a12654$b40$c20110224$lBLL01$h1522
=CAT  \\$aBATCH-UPD$b40$c20111123$lBLL01$h1854
=CAT  \\$aIPL-CLA$c20111230$lBLL01$h2036
=CAT  \\$aBATCH-UPD$b00$c20121121$lBLL01$h1659
=CAT  \\$aIPL-CLA$c20121231$lBLL01$h1330
=CAT  \\$aIPL-CLA$c20130102$lBLL01$h1806
=CAT  \\$aBLDSS-3PM$b00$c20141222$lBLL01$h1720
=CAT  \\$a5552$b40$c20160208$lBLL01$h1352
=CAT  \\$a5552$b40$c20160428$lBLL01$h1211
=CAT  \\$a5552$b40$c20170215$lBLL01$h0836
=CAT  \\$a12654$b40$c20210803$lBLL01$h1416
=CAT  \\$aBATCH-FIX$c20230511$lBLL01$h1630
=CFI  0\$aCurrent copyright fee: zero$c5\1$e28-apr-2016$fGBP0.00$g0$hP$5Uk
=CFI  2\$aPrevious copyright fee: GBP22.50$c5\1$e01-jan-2013$fGBP22.50$g0$hP$5Uk
=EST  \\$a1
=FFP  \\$aY$bBLDSS-3PM
=FMT  \\$a  SE
=LAS  \\$aBATCH-FIX$b00$c20230511$lBLL01$h1630
=MNI  \\$a2090-4479
=TCO  \\$aZZZ$c008
=TOC  \\$aETOC

