=LDR  03406caa a22008177a 4500
=001  016050875
=003  Uk
=005  20221231145125.0
=006  m\\\\||\\d\|\\\\\\
=007  cr\|||||||||||
=008  120202s2011\\\\enk\\\\\o\\\\|1|0\0|eng\\
=040  \\$aUk$beng$cUk
=245  00$aSándor Ferenczi International Conference in Buenos Aires$h[electronic resource] /$cguest editor: Pedro J. Boschan.
=260  \\$bPalgrave Macmillan,$c2011.
=300  \\$a1 online resource (p. 301-360)
=336  \\$atext$2rdacontent
=337  \\$acomputer$2rdamedia
=338  \\$aonline resource$2rdacarrier
=490  0\$aAmerican journal of psychoanalysis,$x1573-6741 ,$vvol 71 no 4 2011
=540  \\$aCurrent copyright fee: GBP29.95$c22\1$5Uk
=591  \\$aSelected papers.
=595  \\$aESTAR title.
=653  1\$aFerenczi
=653  1\$aPsychoanalysis
=700  1\$aFerenczi, Sándor.
=700  1\$aBoschan, Pedro J.
=773  0\$tAmerican journal of psychoanalysis$gVol. 71, no. 4 (Dec. 2011)$x1573-6741
=852  41$aBritish Library$bHMNTS$jELD Digital store
=852  41$aBritish Library$bDSC$j0835.300000
=852  \\$aBritish Library$bDSC
=856  \\$31850-9999$uhttp://www.palgrave.com/home/index.asp$xBLDSS
=945  \\$aAmerican journal of psychoanalysis, ISSN 1573-6741 ; vol 71 no 4 2011
=ACF  \\$aPrevious copyright fee: GBP22.00$c39\0$e01-oct-2010$fGBP22.00$g0$hP$5Uk
=ACF  \\$aPrevious copyright fee: GBP30.74$c39\0$e01-jan-2018$fGBP30.74$g0$hP$5Uk
=CAT  \\$a9578$b40$c20120314$lBLL01$h1424
=CAT  \\$aBATCH-CLA$b00$c20130602$lBLL01$h0155
=CAT  \\$aBATCH-CLA$b00$c20140125$lBLL01$h1303
=CAT  \\$aBATCH-CLA$c20140225$lBLL01$h2340
=CAT  \\$aBATCH-CLA$b00$c20140226$lBLL01$h0042
=CAT  \\$aBATCH-CLA$c20140226$lBLL01$h2044
=CAT  \\$aBATCH-CLA$c20140226$lBLL01$h2057
=CAT  \\$aBATCH-CLA$c20140226$lBLL01$h2059
=CAT  \\$aBATCH-CLA$c20140226$lBLL01$h2103
=CAT  \\$aBLDSS-3PM$b00$c20160620$lBLL01$h1456
=CAT  \\$aBATCH-UPD$b00$c20160620$lBLL01$h1457
=CAT  \\$aW1607-1323$c20160726$lBLL01$h1340
=CAT  \\$aBATCH-CLA$b00$c20160727$lBLL01$h0131
=CAT  \\$aW1607-1323$c20160810$lBLL01$h1440
=CAT  \\$aBATCH-CLA$b00$c20160811$lBLL01$h0136
=CAT  \\$aBATCH-UPD$b00$c20171121$lBLL01$h1713
=CAT  \\$aIPL-CLA$c20171231$lBLL01$h1812
=CAT  \\$aBATCH-UPD$b00$c20180223$lBLL01$h1820
=CAT  \\$aIPL-CLA$c20180331$lBLL01$h1659
=CAT  \\$aBATCH-UPD$b00$c20180524$lBLL01$h1739
=CAT  \\$aIPL-CLA$c20180630$lBLL01$h1935
=CAT  \\$aBATCH-UPD$b00$c20180704$lBLL01$h0023
=CAT  \\$aBATCH-UPD$b00$c20221121$lBLL01$h1405
=CAT  \\$aBATCH-CLA$b00$c20221122$lBLL01$h0155
=CAT  \\$aBATCH-CLA$b00$c20221122$lBLL01$h0243
=CAT  \\$aIPL-CLA$c20221231$lBLL01$h1451
=CFI  0\$aCurrent copyright fee: GBP29.95$c22\1$e01-jan-2023$fGBP29.95$g0$hP$5Uk
=CFI  2\$aPrevious copyright fee: GBP34.00$c22\1$e01-jul-2018$fGBP34.00$g0$hP$5Uk
=CNF  \\$aSándor Ferenczi (International conference)$n(7th :$d2009 Oct :$cBuenos Aires)
=EST  \\$a1
=FFP  \\$aY$bBLDSS-3PM
=FIN  \\$aY$d20120202
=FMT  \\$a  BK
=LAS  \\$aIPL-CLA$b00$c20221231$lBLL01$h1451
=LKR  \\$aANA$b012431988$lBLL01$nAmerican journal of psychoanalysis$mSándor Ferenczi International Conference in Buenos Aires$r773$y2011$v71$i4
=TCO  \\$aCLA$bCLA$c008
=UNO  \\$aY

