=LDR  04019caa a22009017a 4500
=001  016147096
=003  Uk
=005  20221231145133.0
=006  m\\\\||\\d\|\\\\\\
=007  cr\|||||||||||
=008  120814s2011\\\\ne\\\\\\o\\\\|1|0\0|eng\\
=040  \\$aUk$beng$cUk
=245  00$aPrivate agrifood governance$h[electronic resource] :$bvalues, shortcomings and strategies /$cDoris Fuchs ... [et al.].
=260  \\$bSpringer,$c2011.
=300  \\$a1 online resource (p. 335-451)
=336  \\$atext$2rdacontent
=337  \\$acomputer$2rdamedia
=338  \\$aonline resource$2rdacarrier
=490  0\$aAgriculture and human values,$x1572-8366 ,$vvol 28 no 3 2011
=540  \\$aCurrent copyright fee: GBP29.95$c22\1$5Uk
=591  \\$aPapers.
=595  \\$aESTAR title.
=653  1\$aPrivate agrifood governance
=653  1\$aAgrifood governance
=700  1\$aFuchs, Doris.
=773  0\$tAgriculture and human values$gVol. 28, no. 3 (Sep. 2011)
=852  41$aBritish Library$bDSC$j0759.530000
=852  \\$aBritish Library$bDSC
=856  \\$31850-9999$uhttp://www.springer.com/gb/$xBLDSS
=945  \\$aAgriculture and human values, ISSN 1572-8366 ; vol 28 no 3 2011
=ACF  \\$aPrevious copyright fee: GBP22.00$c13\1$e12-aug-2012$fGBP22.00$g0$hP$5Uk
=ACF  \\$aPrevious copyright fee: GBP25.00$c13\1$e01-jan-2013$fGBP25.00$g0$hP$5Uk
=ACF  \\$aPrevious copyright fee: GBP24.97$c13\1$e01-jan-2014$fGBP24.97$g0$hP$5Uk
=ACF  \\$aPrevious copyright fee: GBP24.21$c13\1$e01-jul-2014$fGBP24.21$g0$hP$5Uk
=ACF  \\$aPrevious copyright fee: GBP25.77$c13\1$e01-apr-2015$fGBP25.77$g0$hP$5Uk
=ACF  \\$aPrevious copyright fee: GBP26.63$c13\1$e01-jul-2015$fGBP26.63$g0$hP$5Uk
=ACF  \\$aPrevious copyright fee: GBP25.77$c13\1$e01-oct-2015$fGBP25.77$g0$hP$5Uk
=ACF  \\$aPrevious copyright fee: GBP27.55$c13\1$e01-apr-2016$fGBP27.55$g0$hP$5Uk
=ACF  \\$aPrevious copyright fee: GBP29.59$c13\1$e01-oct-2016$fGBP29.59$g0$hP$5Uk
=ACF  \\$aPrevious copyright fee: GBP31.96$c13\1$e01-apr-2017$fGBP31.96$g0$hP$5Uk
=ACF  \\$aPrevious copyright fee: GBP30.73$c13\1$e01-oct-2017$fGBP30.73$g0$hP$5Uk
=CAT  \\$a6162$b40$c20120814$lBLL01$h1549
=CAT  \\$aIPL-CLA$c20150331$lBLL01$h1720
=CAT  \\$aBATCH-UPD$b00$c20150520$lBLL01$h1703
=CAT  \\$aIPL-CLA$c20150630$lBLL01$h1717
=CAT  \\$aBATCH-UPD$b00$c20150820$lBLL01$h1753
=CAT  \\$aIPL-CLA$c20150930$lBLL01$h1845
=CAT  \\$aBATCH-UPD$b00$c20160217$lBLL01$h1640
=CAT  \\$aIPL-CLA$c20160331$lBLL01$h1809
=CAT  \\$aBATCH-UPD$b00$c20160524$lBLL01$h2159
=CAT  \\$aBATCH-UPD$b00$c20160524$lBLL01$h2243
=CAT  \\$aW1607-1323$c20160726$lBLL01$h1340
=CAT  \\$aW1607-1323$c20160810$lBLL01$h1440
=CAT  \\$aBATCH-UPD$b00$c20160824$lBLL01$h1717
=CAT  \\$aIPL-CLA$c20160930$lBLL01$h1636
=CAT  \\$aBATCH-UPD$b00$c20170216$lBLL01$h1804
=CAT  \\$aIPL-CLA$c20170331$lBLL01$h1914
=CAT  \\$aBATCH-UPD$b00$c20170904$lBLL01$h1805
=CAT  \\$aIPL-CLA$c20170929$lBLL01$h1800
=CAT  \\$aBATCH-UPD$b00$c20180223$lBLL01$h1622
=CAT  \\$aIPL-CLA$c20180331$lBLL01$h1700
=CAT  \\$aBATCH-UPD$b00$c20180524$lBLL01$h1654
=CAT  \\$aIPL-CLA$c20180630$lBLL01$h1936
=CAT  \\$aBATCH-UPD$b00$c20221121$lBLL01$h1405
=CAT  \\$aBATCH-CLA$b00$c20221122$lBLL01$h0151
=CAT  \\$aBATCH-CLA$b00$c20221122$lBLL01$h0243
=CAT  \\$aIPL-CLA$c20221231$lBLL01$h1451
=CFI  0\$aCurrent copyright fee: GBP29.95$c22\1$e01-jan-2023$fGBP29.95$g0$hP$5Uk
=CFI  2\$aPrevious copyright fee: GBP34.00$c22\1$e01-jul-2018$fGBP34.00$g0$hP$5Uk
=CNF  \\$aPrivate agrifood governance: values, shortcomings and strategies (Symposium)$d(2011)
=EST  \\$a1
=FFP  \\$aY$bBLDSS-3PM
=FIN  \\$aY$d20120814
=FMT  \\$a  BK
=LAS  \\$aIPL-CLA$b00$c20221231$lBLL01$h1451
=LKR  \\$aANA$b012431951$lBLL01$nAgriculture and human values$mPrivate agrifood governance$r773$y2011$v28$i3
=TCO  \\$aCLA$bCLA$c008
=UNO  \\$aY

