=LDR  04652caa a22009617a 4500
=001  016224279
=003  Uk
=005  20221231145140.0
=006  m\\\\||\\d\|\\\\\\
=007  cr\|||||||||||
=008  121204s2012\\\\gw\\\\\\o\\\\|1|0\0|eng\\
=040  \\$aUk$beng$cUk$dUk
=245  00$aProgram and abstracts from the 2011 joint annual meeting of the American Association for Cancer Education, the European Association for Cancer Education and the Cancer Patient Education Network, Buffalo, New York, Sept 8-10, 2011$h[electronic resource].
=260  \\$bSpringer,$c2012.
=300  \\$a1 online resource (p. S173-S249)
=336  \\$atext$2rdacontent
=337  \\$acomputer$2rdamedia
=338  \\$aonline resource$2rdacarrier
=490  0\$aJournal of cancer education,$x0885-8195 ,$vvol 27 issue 3 suppl 3 2012
=540  \\$aCurrent copyright fee: GBP34.95$c22\1$5Uk
=591  \\$aAbstracts and programme. Conference theme: Global cancer education: building strength through research and best practices.
=595  \\$aESTAR title.
=653  1\$aCancer education
=653  1\$aPatient education network
=653  1\$aCancer patient education
=653  1\$aGlobal cancer education
=653  2\$aAACE
=653  2\$aCPEN
=653  2\$aEACE
=710  2\$aAmerican Association for Cancer Education.
=710  2\$aEuropean Association for Cancer Education.
=710  2\$aCancer Patient Education Network (National Cancer Institute)
=773  0\$tJournal of cancer education$gVol. 27, issue 3 suppl. 3 (Sept. 2012)
=852  41$aBritish Library$bDSC$j4954.843000
=852  \\$aBritish Library$bDSC
=856  \\$31850-9999$uhttp://www.springer.com/gb/$xBLDSS
=945  \\$aJournal of cancer education, ISSN 0885-8195 ; vol 27 issue 3 suppl 3 2012
=ACF  \\$aPrevious copyright fee: GBP25.00$c22\1$e01-jan-2013$fGBP25.00$g0$hP$5Uk
=ACF  \\$aPrevious copyright fee: GBP24.97$c22\1$e01-jan-2014$fGBP24.97$g0$hP$5Uk
=ACF  \\$aPrevious copyright fee: GBP24.21$c22\1$e01-jul-2014$fGBP24.21$g0$hP$5Uk
=ACF  \\$aPrevious copyright fee: GBP25.77$c22\1$e01-apr-2015$fGBP25.77$g0$hP$5Uk
=ACF  \\$aPrevious copyright fee: GBP26.63$c22\1$e01-jul-2015$fGBP26.63$g0$hP$5Uk
=ACF  \\$aPrevious copyright fee: GBP27.55$c22\1$e01-apr-2016$fGBP27.55$g0$hP$5Uk
=ACF  \\$aPrevious copyright fee: GBP29.59$c22\1$e01-oct-2016$fGBP29.59$g0$hP$5Uk
=ACF  \\$aPrevious copyright fee: GBP31.96$c22\1$e01-apr-2017$fGBP31.96$g0$hP$5Uk
=ACF  \\$aPrevious copyright fee: GBP30.73$c22\1$e01-oct-2017$fGBP30.73$g0$hP$5Uk
=CAT  \\$a10934$b40$c20121204$lBLL01$h0821
=CAT  \\$aIPL-CLA$c20150930$lBLL01$h1847
=CAT  \\$aBATCH-UPD$b00$c20160217$lBLL01$h1721
=CAT  \\$aIPL-CLA$c20160331$lBLL01$h1810
=CAT  \\$aBATCH-UPD$b00$c20160524$lBLL01$h2215
=CAT  \\$aBATCH-UPD$b00$c20160525$lBLL01$h0014
=CAT  \\$aW1607-1323$c20160726$lBLL01$h1340
=CAT  \\$aBATCH-CLA$b00$c20160727$lBLL01$h0131
=CAT  \\$aW1607-1323$c20160810$lBLL01$h1440
=CAT  \\$aBATCH-CLA$b00$c20160811$lBLL01$h0137
=CAT  \\$aBATCH-UPD$b00$c20160824$lBLL01$h1749
=CAT  \\$aIPL-CLA$c20160930$lBLL01$h1637
=CAT  \\$aBATCH-UPD$b00$c20170216$lBLL01$h1837
=CAT  \\$aIPL-CLA$c20170331$lBLL01$h1915
=CAT  \\$aBATCH-UPD$b00$c20170904$lBLL01$h1845
=CAT  \\$aIPL-CLA$c20170929$lBLL01$h1801
=CAT  \\$aBATCH-UPD$b00$c20180223$lBLL01$h1706
=CAT  \\$aIPL-CLA$c20180331$lBLL01$h1702
=CAT  \\$aBATCH-UPD$b00$c20180524$lBLL01$h1709
=CAT  \\$aIPL-CLA$c20180630$lBLL01$h1937
=CAT  \\$aBATCH-CLA$b00$c20210817$lBLL01$h0105
=CAT  \\$aIPL-CLA$c20210930$lBLL01$h1528
=CAT  \\$aBATCH-UPD$b00$c20221121$lBLL01$h1412
=CAT  \\$aBATCH-CLA$b00$c20221122$lBLL01$h0201
=CAT  \\$aBATCH-CLA$b00$c20221122$lBLL01$h0243
=CAT  \\$aIPL-CLA$c20221231$lBLL01$h1451
=CFI  0\$aCurrent copyright fee: GBP34.95$c22\1$e01-jan-2023$fGBP34.95$g0$hP$5Uk
=CFI  2\$aPrevious copyright fee: GBP43.00$c22\1$e01-oct-2021$fGBP43.00$g0$hP$5Uk
=CNF  \\$aAmerican Association for Cancer Education (Joint annual meeting)$d(2011 Sep :$cBuffalo, NY)
=EST  \\$a1
=FFP  \\$aY$bBLDSS-3PM
=FIN  \\$aY$d20121204
=FMT  \\$a  BK
=LAS  \\$aIPL-CLA$b00$c20221231$lBLL01$h1451
=LKR  \\$aANA$b012433709$lBLL01$nJournal of cancer education$mProgram and abstracts from the 2011 joint annual meeting of the American Association for Cancer Education, the European Association for Cancer Education and the Cancer Patient Education Network, Buffalo, New York, Sept 8-10, 2011$r773$y2012$v27$i3$p3
=TCO  \\$aCLA$bCLA$c008
=UNO  \\$aY

