=LDR  04319caa a22009497a 4500
=001  016224297
=003  Uk
=005  20221231145140.0
=006  m\\\\||\\d\|\\\\\\
=007  cr\|||||||||||
=008  121204s2012\\\\gw\\\\\\o\\\\|1|0\0|eng\\
=040  \\$aUk$beng$cUk
=245  00$aClinic laboratory accreditation with ISO 15189:2007 in the European Union$h[electronic resource] :$breport of the VI European symposium on clinical laboratory and in vitro diagnostic industry.
=260  \\$bSpringer,$c2012.
=300  \\$a1 online resource (p 473-477)
=336  \\$atext$2rdacontent
=337  \\$acomputer$2rdamedia
=338  \\$aonline resource$2rdacarrier
=490  0\$aAccreditation and quality assurance,$x0949-1775 ,$vvol 17 no 4 2012
=540  \\$aCurrent copyright fee: GBP29.95$c22\1$5Uk
=591  \\$aReport.
=595  \\$aESTAR title.
=653  1\$aLaboratory sciences
=653  1\$aClinical laboratory
=653  1\$aIn vitro diagnostic
=653  1\$aDiagnostic industry
=653  1\$aLaboratory accreditation
=653  1\$aISO 15189:2007
=653  2\$aACCLC
=710  2\$aCatalan Association of Clinical Laboratory Sciences.
=773  0\$tAccreditation and quality assurance$gVol. 17, issue 4 (Aug. 2012)
=852  \\$aBritish Library$bDSC$j0573.743000
=852  \\$aBritish Library$bDSC
=856  \\$31850-9999$uhttp://www.springer.com/gb/$xBLDSS
=945  \\$aAccreditation and quality assurance, ISSN 0949-1775 ; vol 17 no 4 2012
=ACF  \\$aPrevious copyright fee: GBP25.00$c22\3$e01-jan-2013$fGBP25.00$g0$hP$5Uk
=ACF  \\$aPrevious copyright fee: GBP24.97$c22\3$e01-jan-2014$fGBP24.97$g0$hP$5Uk
=ACF  \\$aPrevious copyright fee: GBP24.21$c22\3$e01-jul-2014$fGBP24.21$g0$hP$5Uk
=ACF  \\$aPrevious copyright fee: GBP25.77$c22\3$e01-apr-2015$fGBP25.77$g0$hP$5Uk
=ACF  \\$aPrevious copyright fee: GBP26.63$c22\3$e01-jul-2015$fGBP26.63$g0$hP$5Uk
=ACF  \\$aPrevious copyright fee: GBP25.77$c22\3$e01-oct-2015$fGBP25.77$g0$hP$5Uk
=ACF  \\$aPrevious copyright fee: GBP27.55$c22\3$e01-apr-2016$fGBP27.55$g0$hP$5Uk
=ACF  \\$aPrevious copyright fee: GBP29.59$c22\3$e01-oct-2016$fGBP29.59$g0$hP$5Uk
=ACF  \\$aPrevious copyright fee: GBP31.96$c22\3$e01-apr-2017$fGBP31.96$g0$hP$5Uk
=ACF  \\$aPrevious copyright fee: GBP30.73$c22\3$e01-oct-2017$fGBP30.73$g0$hP$5Uk
=CAT  \\$a10934$b40$c20121204$lBLL01$h0852
=CAT  \\$aIPL-CLA$c20150331$lBLL01$h1721
=CAT  \\$aBATCH-UPD$b00$c20150520$lBLL01$h1752
=CAT  \\$aIPL-CLA$c20150630$lBLL01$h1719
=CAT  \\$aBATCH-UPD$b00$c20150820$lBLL01$h1839
=CAT  \\$aIPL-CLA$c20150930$lBLL01$h1847
=CAT  \\$aBATCH-UPD$b00$c20160217$lBLL01$h1730
=CAT  \\$aIPL-CLA$c20160331$lBLL01$h1810
=CAT  \\$aBATCH-UPD$b00$c20160524$lBLL01$h2215
=CAT  \\$aBATCH-UPD$b00$c20160525$lBLL01$h0017
=CAT  \\$aW1607-1323$c20160726$lBLL01$h1340
=CAT  \\$aW1607-1323$c20160810$lBLL01$h1440
=CAT  \\$aBATCH-UPD$b00$c20160824$lBLL01$h1757
=CAT  \\$aIPL-CLA$c20160930$lBLL01$h1637
=CAT  \\$aBATCH-UPD$b00$c20170216$lBLL01$h1845
=CAT  \\$aIPL-CLA$c20170331$lBLL01$h1915
=CAT  \\$aBATCH-UPD$b00$c20170904$lBLL01$h1854
=CAT  \\$aIPL-CLA$c20170929$lBLL01$h1801
=CAT  \\$aBATCH-UPD$b00$c20180223$lBLL01$h1727
=CAT  \\$aIPL-CLA$c20180331$lBLL01$h1702
=CAT  \\$aBATCH-UPD$b00$c20180524$lBLL01$h1715
=CAT  \\$aIPL-CLA$c20180630$lBLL01$h1937
=CAT  \\$aBATCH-UPD$b00$c20221121$lBLL01$h1405
=CAT  \\$aBATCH-CLA$b00$c20221122$lBLL01$h0149
=CAT  \\$aBATCH-CLA$b00$c20221122$lBLL01$h0243
=CAT  \\$aIPL-CLA$c20221231$lBLL01$h1451
=CFI  0\$aCurrent copyright fee: GBP29.95$c22\1$e01-jan-2023$fGBP29.95$g0$hP$5Uk
=CFI  2\$aPrevious copyright fee: GBP34.00$c22\1$e01-jul-2018$fGBP34.00$g0$hP$5Uk
=CNF  \\$aClinical laboratory and in vitro diagnostic industry (Biennial European symposium)$n(6th :$d2011 May :$cBarcelona, Spain)
=EST  \\$a1
=FFP  \\$aY$bBLDSS-3PM
=FIN  \\$aY$d20121204
=FMT  \\$a  BK
=LAS  \\$aIPL-CLA$b00$c20221231$lBLL01$h1451
=LKR  \\$aANA$b013084747$lBLL01$nAccreditation and quality assurance$mClinic laboratory accreditation with ISO 15189:2007 in the European Union$r773$y2012$v17$i4
=TCO  \\$aDEU$bVG WORT$c008
=UNO  \\$aY

